3312 5128
363 529 425 586 798
799 523 983 575 GENERAL
1001 524 1132 574 INDEX.

363 695 469 745 Patroni
486 701 616 745 sectarum
628 696 712 762 ignari
724 703 751 746 et
768 695 855 746 stolidi
872 711 940 746 erra·
994 694 1090 744 Paulus
1108 701 1135 744 et
1146 695 1257 760 apostoli
1268 711 1320 744 uon
1338 696 1472 746 audebant
1489 698 1565 746 subti-

397 769 492 813 rerunt
505 765 562 813 705.
1025 763 1090 813 liare
1109 764 1149 813 97.

364 860 396 868 -
415 833 523 882 fortasse
542 833 574 883 de
592 841 667 884 reatu
685 834 855 899 penituerunt
872 834 913 884 24.
994 831 1045 880 -li
1062 831 1143 881 verba
1160 831 1193 881 de
1211 833 1288 882 sectis
1305 835 1345 883 33.

363 927 394 937 -
415 907 442 950 et
459 900 550 967 regule
572 910 701 952 sectarum
724 902 809 952 minus
830 902 941 968 perfecti
993 927 1026 935 -
1044 900 1204 951 mendicacio
1222 903 1278 951 197.

400 971 456 1019 139.
993 995 1026 1004 -
1043 967 1180 1034 multiplex
1196 971 1323 1020 consessio
1341 971 1398 1021 686.

365 1065 396 1074 -
416 1037 511 1103 privati
527 1038 655 1088 notabiles
673 1047 823 1105 peccatores
841 1041 882 1090 ³9.
993 1038 1097 1102 Pauper
1113 1038 1168 1087 rita
1185 1039 1336 1089 clericorum
1354 1039 1430 1088 Gristi
1449 1042 1491 1090 95.

365 1134 396 1142 -
409 1105 505 1171 privati
513 1107 617 1172 privant
625 1123 653 1157 se
663 1115 689 1158 et
698 1115 783 1159 sectae
792 1109 884 1159 merito
898 1109 939 1159 32.
993 1107 1094 1171 -peris
1112 1107 1267 1172 euangelici
1284 1107 1444 1158 mendicacio
1466 1111 1524 1158 191.
1630 1133 1631 1176 l

365 1201 395 1210 -
416 1174 510 1239 privati
522 1183 581 1224 sunt
591 1176 751 1226 extraiidem
760 1177 886 1242 scripture
899 1179 940 1226 24.
994 1202 1025 1210 -
1043 1173 1168 1240 spoliacio
1185 1191 1232 1240 per
1248 1175 1358 1242 tallagia
1374 1177 1432 1227 240.

368 1272 396 1279 -
415 1243 480 1309 priv.
509 1243 637 1294 inducunt
664 1245 780 1311 apocrifa
808 1247 836 1295 in
863 1247 941 1296 sectis
994 1258 1116 1308 -perem
1133 1243 1215 1294 vitam
1233 1245 1373 1294 observant
1389 1245 1484 1295 tratres
1502 1249 1543 1295 94.
1630 1251 1631 1310 Τ

398 1319 531 1378 tamquam
549 1311 627 1362 tidem
645 1314 686 1363 24.
992 1311 1136 1362 secundum
1157 1339 1189 1349 -
1207 1313 1288 1363 vitam
1314 1314 1399 1363 clerus
1425 1315 1567 1364 contentari

365 1408 397 1417 -
416 1380 548 1430 excellunt
565 1382 660 1431 multos
678 1383 851 1433 duodenarios
870 1384 928 1434 704.
1028 1380 1106 1430 debet
1127 1381 1185 1431 245.

364 1476 396 1484 -
416 1456 545 1498 sectarum
564 1449 680 1500 homines
698 1452 809 1502 oderunt
826 1452 885 1502 250.
994 1464 1103 1514 -peres
1120 1449 1289 1499 calliditatem
1307 1449 1415 1500 statam
1426 1466 1482 1500 nou
1494 1453 1569 1516 perri-
1630 1517 1631 1520 Ἴ

365 1545 397 1553 -
416 1533 478 1566 num
496 1518 523 1567 iu
545 1519 688 1570 ordinando
710 1526 794 1570 sectas
817 1535 941 1586 peccave·
1028 1518 1104 1583 piunt
1121 1518 1179 1567 254,

399 1592 459 1635 runt
478 1587 535 1636 704.
995 1613 1025 1622 ·-
1044 1601 1092 1652 per
1108 1601 1136 1635 se
1154 1601 1264 1652 persone
1281 1593 1412 1637 sectarum
1434 1595 1497 1639 sunt
1516 1590 1567 1637 253.

367 1670 511 1704 -onorum
528 1655 632 1706 ordines
649 1656 729 1706 nichil
745 1657 837 1707 valent
852 1659 911 1708 468.
995 1681 1025 1689 -
1036 1655 1062 1702 in
1072 1653 1124 1704 fide
1137 1663 1163 1704 et
1172 1655 1285 1704 moribus
1294 1655 1457 1707 seducuntur
1466 1657 1568 1706 afratu-

366 1751 398 1759 —
417 1723 520 1773 babitus
537 1725 600 1774 novi
619 1727 676 1776 704.
1028 1722 1076 1772 bus
1094 1723 1152 1772 254.

366 1820 397 1828 -
416 1792 508 1858 regule
525 1809 594 1843 nove
613 1794 670 1843 704.
967 1819 970 1844 r
994 1817 1025 1826 -
1044 1791 1150 1856 plebeos
1168 1791 1281 1857 spoliant
1298 1793 1392 1843 tratres
1411 1795 1452 1844 09.

367 1889 396 1896 -
416 1867 545 1910 sectarum
563 1862 655 1912 stolide
673 1863 836 1930 presumpcio
855 1865 912 1914 704.
994 1885 1025 1895 -
1045 1858 1144 1909 debiles
1161 1861 1268 1911 claudes
1285 1868 1312 1911 et
1329 1877 1404 1912 cecos
1422 1863 1515 1912 iurare
1533 1863 1568 1910 tt.

367 1957 398 1964 —
428 1929 588 1994 privatorum
617 1931 709 1997 religio
739 1933 830 1982 melior
862 1948 941 1998 quam
995 1956 1024 1965 ·—
1045 1927 1206 1978 seducuntur
1224 1931 1282 1980 193.

401 1996 477 2046 Oristi
495 1999 535 2048 34.
995 2022 1027 2033 -
1041 1996 1136 2062 huglie
1152 2003 1240 2063 preter
1251 1998 1338 2064 legem
1352 1999 1451 2048 domiui
1465 2013 1568 2049 oneran-

367 2093 398 2101 -
417 2067 541 2116 sanctitas
560 2068 616 2117 176.
1028 2070 1071 2114 tur
1085 2065 1143 2115 244.

367 2161 397 2170 -
417 2134 568 2199 ignorancia
586 2135 651 2200 legis
669 2135 745 2186 Gristi
763 2139 804 2187 96.
995 2161 1026 2169 -
1046 2134 1120 2200 regui
1131 2149 1210 2198 supra
1221 2135 1339 2184 raciones
1351 2135 1499 2201 spoliantur
1516 2137 1568 2184 244.

367 2230 398 2237 -
418 2202 509 2268 regula
526 2219 578 2253 non
596 2204 666 2254 utilis
684 2206 742 2255 300.
996 2229 1026 2238 -
1046 2202 1152 2252 decimis
1169 2203 1288 2268 pauculis
1303 2204 1418 2270 spoliant
1428 2205 1522 2255 fratres
1534 2205 1568 2254 72.

365 2285 382 2319 a
400 2296 431 2306 -
451 2271 495 2320 ria
513 2271 676 2322 declinarunt
693 2273 801 2322 abbacie
822 2274 878 2324 194.
995 2297 1025 2306 -
1046 2271 1119 2336 regni
1137 2271 1283 2336 spoliantur
1299 2287 1315 2322 a
1332 2273 1411 2322 sectis
1430 2274 1472 2322 42.

366 2339 457 2388 -onis
467 2338 564 2389 Cristus
576 2356 630 2390 non
646 2340 718 2390 dedit
728 2342 895 2408 privilegium
904 2359 942 2393 or·
995 2366 1026 2374 —
1045 2354 1185 2405 regnorum
1202 2341 1347 2406 spoliantur
1364 2356 1381 2390 a
1392 2341 1517 2392 tratribus
1534 2343 1569 2390 39.

401 2407 475 2457 dines
492 2408 644 2458 instituendi
669 2410 727 2460 266.
996 2422 1120 2473 -perum
1137 2409 1255 2474 rapinam
1272 2410 1394 2460 seduccio
1411 2410 1569 2460 dominorum

367 2491 464 2526 —onos
482 2491 550 2542 papa
567 2479 703 2527 canonizat
726 2479 773 2528 177
777 2517 782 2528 .
1028 2476 1183 2526 secularium
1200 2477 1300 2528 inducit
1317 2480 1376 2528 251.

366 2544 399 2593 de
417 2546 508 2595 -onis
524 2562 578 2595 nou
596 2555 635 2596 est
652 2546 716 2596 fides
737 2548 793 2596 177.
997 2571 1028 2580 -
1046 2545 1201 2610 temporalia
1217 2547 1328 2597 collecta
1340 2548 1367 2596 in
1378 2547 1504 2597 abbacias
1517 2548 1567 2597 134.

366 2613 448 2662 Pauci
465 2614 584 2664 timorem
602 2615 699 2664 domini
716 2615 849 2681 possident
866 2617 924 2667 226.
998 2641 1024 2650 -
1046 2613 1116 2663 bona
1132 2615 1246 2680 paucula
1264 2616 1305 2665 72.

367 2689 470 2731 -sunt
481 2684 664 2734 nominetenus
673 2683 788 2746 heretici,
798 2685 843 2751 qui
851 2691 943 2750 postea
994 2682 1021 2730 in
1039 2709 1070 2717 -
1090 2683 1213 2733 oneribus
1229 2684 1377 2734 consentire
1394 2685 1455 2734 244.

399 2750 506 2800 stabunt
524 2753 581 2802 397.
997 2750 1134 2816 -peribus
1151 2767 1260 2802 onerose
1278 2759 1339 2802 sunt
1355 2761 1427 2803 secte
1445 2755 1487 2804 44.

366 2845 397 2856 -
416 2817 507 2869 fideles
524 2819 611 2870 vocati
632 2827 693 2870 sunt
710 2820 817 2872 heretici
835 2837 851 2872 a
868 2829 942 2888 parte
997 2846 1027 2855 -
1047 2817 1144 2868 cristus
1161 2835 1215 2870 non
1233 2826 1289 2870 erat
1306 2836 1431 2871 onerosus
1452 2823 1510 2872 245.

399 2888 528 2937 contraria
545 2889 671 2938 anticristi
687 2890 745 2940 397.
997 2913 1027 2923 -
1047 2887 1187 2950 debilibus,
1205 2889 1313 2952 claudis,
1330 2890 1400 2940 cecis
1415 2891 1568 2940 ministretur

364 2956 502 3007 Paulatire
519 2958 611 3008 crescit
627 2959 762 3008 sentencia
779 2958 868 3008 divina
884 2961 942 3010 270.
1030 2957 1088 3006 311.

365 3025 463 3075 Paulus
481 3025 513 3075 de
531 3031 603 3076 secta
619 3025 798 3092 phariseorum
817 3029 873 3078 1'l4.
995 3025 1138 3090 Pauperuri
1159 3039 1222 3090 sepe
1244 3025 1278 3075 ad
1295 3025 1408 3076 salutem
1425 3027 1512 3076 anime
1528 3025 1566 3074 bo

367 3119 398 3128 -
417 3093 450 3143 de
469 3094 664 3145 mendicacioue
684 3096 740 3145 197.
1028 3093 1104 3142 minis
1122 3100 1162 3144 est
1180 3094 1238 3143 121.

366 3188 398 3196 -
417 3177 469 3211 non
481 3163 596 3213 audebat
614 3179 700 3228 perse
717 3167 802 3214 sectas
819 3164 942 3232 colligere
994 3162 1137 3227 Pauperies
1154 3168 1182 3212 et
1198 3163 1322 3212 sanctitas
1340 3169 1472 3214 sectarum
1490 3165 1528 3214 72.

401 3230 458 3278 704.
994 3230 1027 3280 de
1046 3231 1151 3296 -perie
1169 3230 1262 3281 iratres
1279 3241 1477 3297 conqueruntur
1494 3235 1531 3282 06.

365 3324 397 3332 -
416 3312 556 3346 conversus
573 3313 589 3347 a
606 3304 677 3348 secta
689 3299 865 3365 phariseorum
883 3303 941 3352 353.
995 3299 1138 3364 Paupertas
1156 3300 1320 3366 euangelica
1337 3301 1378 3351 37.

366 3392 397 3401 -
416 3381 467 3414 non
485 3366 601 3416 audebat
617 3367 728 3418 fundare
746 3384 827 3419 novos
839 3370 942 3420 ordines
996 3367 1150 3433 -spiritus
1172 3375 1212 3418 est
1229 3368 1262 3418 ad
1280 3368 1473 3420 beatitudinem
1490 3369 1564 3434 requi·

400 3434 458 3483 301.
1028 3436 1078 3485 sita
1096 3437 1154 3487 523.

365 3529 397 3538 -
416 3502 538 3569 reprobat
555 3503 700 3554 Corinthios
715 3511 821 3570 propter
831 3505 942 3556 schisma
995 3510 1109 3554 -tatem
1128 3505 1285 3555 meritoriam
1303 3512 1330 3556 et
1342 3506 1516 3557 voluntariam
1528 3521 1564 3555 er·

399 3572 457 3622 438.
1027 3573 1110 3623 cludit
1125 3573 1240 3624 stulticia
1256 3581 1389 3624 sectarum
1406 3577 1448 3628 43.

365 3667 397 3676 -
415 3647 521 3690 secutus
539 3646 579 3691 est
596 3640 682 3690 Iesum
701 3639 812 3692 Gristnm
831 3644 889 3694 301.
994 3646 1109 3692 -tatem
1126 3641 1315 3709 euangelicam
1333 3642 1431 3694 Cristrre
1448 3641 1564 3694 concessit

365 3735 396 3744 -
416 3715 505 3760 contra
523 3709 609 3759 lesum
627 3709 818 3776 blasphemavit
835 3713 893 3764 702.
1028 3711 1086 3760 703.

363 3804 396 3812 -
416 3777 493 3828 Petro
511 3778 604 3828 restitit
623 3779 680 3829 668.
994 3779 1121 3829 Pausacio
1139 3778 1289 3845 temporalis
1306 3779 1333 3829 in
1345 3781 1495 3847 purgatorio
1514 3779 1561 3827 lto.

366 3873 397 3882 -
420 3846 535 3896 serravit
557 3854 646 3898 contra
668 3848 776 3898 Petrum
802 3849 941 3916 euangelii
994 3848 1049 3897 Pax
1062 3847 1201 3912 corporalis
1213 3855 1241 3898 et
1251 3848 1392 3914 spiritualis
1401 3845 1562 3899 discernenda

399 3914 546 3965 libertatem
565 3917 622 3966 608,
1028 3923 1068 3966 est
1085 3917 1143 3966 215.

365 4007 396 4017 -
415 3982 469 4033 suis
487 3983 606 4034 manibus
622 3984 753 4036 laboravit
770 3987 828 4036 708.
995 4011 1026 4021 -
1045 3984 1158 4050 corporis
1175 3984 1239 4050 quid
1256 3985 1289 4035 sit
1306 3986 1366 4036 215.

363 4075 396 4085 -
415 4051 461 4102 wlt
485 4058 570 4102 sectas
594 4053 622 4102 in
644 4069 723 4104 unam
745 4061 844 4105 sectam
866 4053 942 4105 Oristi
994 4079 1026 4091 -
1045 4069 1124 4119 super
1140 4053 1220 4104 lsrabl
1240 4054 1297 4104 128.

398 4119 523 4170 reducere
541 4122 582 4172 23.
967 4153 969 4165 ›
995 4149 1026 4159 -
1057 4122 1208 4187 perturbata
1242 4139 1288 4188 pro
1323 4123 1416 4174 timore
1443 4117 1560 4173 commodi

363 4213 396 4222 -
414 4188 569 4254 splendebat
586 4189 677 4256 spiritu
694 4190 844 4256 prophetico
862 4193 903 4242 38.
966 4172 969 4219 ¹
1028 4205 1097 4256 pape
1115 4191 1155 4240 32.

364 4281 397 4290 -
415 4255 531 4321 loquitur
547 4259 697 4324 prophetice
715 4259 748 4309 de
766 4261 844 4310 sectis
862 4261 902 4310 18.
966 4224 969 4314 i
994 4259 1173 4324 -spiritualis
1183 4264 1222 4309 est
1231 4259 1501 4326 mantistrauquillitas
1509 4259 1558 4308 215.
