<?xml version="1.0" encoding="UTF-8"?>
<!DOCTYPE html PUBLIC "-//W3C//DTD XHTML 1.0 Transitional//EN"
    "http://www.w3.org/TR/xhtml1/DTD/xhtml1-transitional.dtd">
<html xmlns="http://www.w3.org/1999/xhtml" xml:lang="en" lang="en">
 <head>
  <title>
</title>
<meta http-equiv="Content-Type" content="text/html;charset=utf-8" />
  <meta name='ocr-system' content='tesseract 3.04.00' />
  <meta name='ocr-capabilities' content='ocr_page ocr_carea ocr_par ocr_line ocrx_word'/>
</head>
<body>
  <div class='ocr_page' id='page_1' title='image "./johnwiclifspole02wyclgoog/johnwiclifspole02wyclgoog_0383.png"; bbox 0 0 3304 5134; ppageno 0'>
   <div class='ocr_carea' id='block_1_1' title="bbox 542 549 928 605">
    <p class='ocr_par' dir='ltr' id='par_1_1' title="bbox 542 549 928 605">
     <span class='ocr_line' id='line_1_1' title="bbox 542 549 928 605; baseline 0.013 -5"><span class='ocrx_word' id='word_1_1' title='bbox 542 549 720 600; x_wconf 68' lang='lat' dir='ltr'><strong>cahanan</strong></span> <span class='ocrx_word' id='word_1_2' title='bbox 738 550 868 600; x_wconf 75' lang='lat' dir='ltr'><strong><em>INDEX.</em></strong></span> <span class='ocrx_word' id='word_1_3' title='bbox 921 565 928 605; x_wconf 80' lang='lat' dir='ltr'><strong>l</strong></span> 
     </span>
    </p>
   </div>
   <div class='ocr_carea' id='block_1_2' title="bbox 93 721 684 4359">
    <p class='ocr_par' dir='ltr' id='par_1_2' title="bbox 101 721 682 840">
     <span class='ocr_line' id='line_1_2' title="bbox 101 721 682 785; baseline 0.012 -15"><span class='ocrx_word' id='word_1_4' title='bbox 101 721 220 785; x_wconf 84' lang='lat' dir='ltr'><strong>Dyaboli</strong></span> <span class='ocrx_word' id='word_1_5' title='bbox 233 735 337 773; x_wconf 87' lang='lat' dir='ltr'><strong>camere</strong></span> <span class='ocrx_word' id='word_1_6' title='bbox 348 731 410 774; x_wconf 90' lang='lat' dir='ltr'><strong>snut</strong></span> <span class='ocrx_word' id='word_1_7' title='bbox 421 725 604 776; x_wconf 87' lang='lat' dir='ltr'><strong>conventicula</strong></span> <span class='ocrx_word' id='word_1_8' title='bbox 615 725 682 776; x_wconf 90' lang='lat' dir='ltr'><strong>ordi·</strong></span> 
     </span>
     <span class='ocr_line' id='line_1_3' title="bbox 140 792 262 840; baseline 0 0"><span class='ocrx_word' id='word_1_9' title='bbox 140 807 203 840; x_wconf 87' lang='lat' dir='ltr'><strong>num</strong></span> <span class='ocrx_word' id='word_1_10' title='bbox 222 792 262 840; x_wconf 87' lang='grc'><strong>51.</strong></span> 
     </span>
    </p>

    <p class='ocr_par' dir='ltr' id='par_1_3' title="bbox 102 859 619 927">
     <span class='ocr_line' id='line_1_4' title="bbox 102 859 619 927; baseline 0.012 -19"><span class='ocrx_word' id='word_1_11' title='bbox 102 885 139 894; x_wconf 93' lang='grc'>-</span> <span class='ocrx_word' id='word_1_12' title='bbox 157 859 275 909; x_wconf 88' lang='lat' dir='ltr'><strong>membra</strong></span> <span class='ocrx_word' id='word_1_13' title='bbox 293 861 430 927; x_wconf 87' lang='lat' dir='ltr'><strong>exstirpari</strong></span> <span class='ocrx_word' id='word_1_14' title='bbox 447 862 544 913; x_wconf 87' lang='lat' dir='ltr'><strong>debent</strong></span> <span class='ocrx_word' id='word_1_15' title='bbox 561 865 619 914; x_wconf 93' lang='grc'><strong>464.</strong></span> 
     </span>
    </p>

    <p class='ocr_par' dir='ltr' id='par_1_4' title="bbox 102 930 497 997">
     <span class='ocr_line' id='line_1_5' title="bbox 102 930 497 997; baseline 0.013 -20"><span class='ocrx_word' id='word_1_16' title='bbox 102 953 139 962; x_wconf 94' lang='grc'>-</span> <span class='ocrx_word' id='word_1_17' title='bbox 156 943 289 978; x_wconf 90' lang='lat' dir='ltr'><strong>venenum</strong></span> <span class='ocrx_word' id='word_1_18' title='bbox 308 930 334 978; x_wconf 91' lang='lat' dir='ltr'><strong>in</strong></span> <span class='ocrx_word' id='word_1_19' title='bbox 352 945 422 997; x_wconf 84' lang='lat' dir='ltr'><strong>papa</strong></span> <span class='ocrx_word' id='word_1_20' title='bbox 439 933 497 982; x_wconf 91' lang='grc'><strong>461.</strong></span> 
     </span>
    </p>

    <p class='ocr_par' dir='ltr' id='par_1_5' title="bbox 101 999 303 1048">
     <span class='ocr_line' id='line_1_6' title="bbox 101 999 303 1048; baseline 0 0"><span class='ocrx_word' id='word_1_21' title='bbox 101 1022 139 1032; x_wconf 90' lang='lat'>-</span> <span class='ocrx_word' id='word_1_22' title='bbox 157 1004 227 1048; x_wconf 84' lang='lat' dir='ltr'><strong>artes</strong></span> <span class='ocrx_word' id='word_1_23' title='bbox 245 999 303 1048; x_wconf 88' lang='grc'><strong>361.</strong></span> 
     </span>
    </p>

    <p class='ocr_par' dir='ltr' id='par_1_6' title="bbox 101 1067 684 1136">
     <span class='ocr_line' id='line_1_7' title="bbox 101 1067 684 1136; baseline 0.01 -22"><span class='ocrx_word' id='word_1_24' title='bbox 101 1091 139 1102; x_wconf 90' lang='grc'>-</span> <span class='ocrx_word' id='word_1_25' title='bbox 157 1067 278 1116; x_wconf 78' lang='lat' dir='ltr'>versucia</span> <span class='ocrx_word' id='word_1_26' title='bbox 295 1073 385 1118; x_wconf 89' lang='lat' dir='ltr'><strong>contra</strong></span> <span class='ocrx_word' id='word_1_27' title='bbox 395 1067 486 1119; x_wconf 87' lang='lat' dir='ltr'><strong>fideles</strong></span> <span class='ocrx_word' id='word_1_28' title='bbox 503 1085 538 1120; x_wconf 90' lang='lat' dir='ltr'><strong>ne</strong></span> <span class='ocrx_word' id='word_1_29' title='bbox 548 1070 684 1136; x_wconf 78' lang='lat' dir='ltr'>prevaleat</span> 
     </span>
    </p>

    <p class='ocr_par' dir='ltr' id='par_1_7' title="bbox 99 1203 279 1254">
     <span class='ocr_line' id='line_1_8' title="bbox 99 1203 279 1254; baseline 0.011 -2"><span class='ocrx_word' id='word_1_30' title='bbox 99 1229 137 1237; x_wconf 95' lang='lat'>—</span> <span class='ocrx_word' id='word_1_31' title='bbox 156 1203 203 1253; x_wconf 86' lang='lat' dir='ltr'><strong>lilii</strong></span> <span class='ocrx_word' id='word_1_32' title='bbox 221 1205 279 1254; x_wconf 90' lang='grc'><strong>211.</strong></span> 
     </span>
    </p>

    <p class='ocr_par' dir='ltr' id='par_1_8' title="bbox 100 1271 681 1326">
     <span class='ocr_line' id='line_1_9' title="bbox 100 1271 681 1326; baseline 0.009 -5"><span class='ocrx_word' id='word_1_33' title='bbox 100 1297 136 1306; x_wconf 93' lang='grc'>-</span> <span class='ocrx_word' id='word_1_34' title='bbox 156 1271 223 1322; x_wconf 81' lang='lat' dir='ltr'><strong>filios</strong></span> <span class='ocrx_word' id='word_1_35' title='bbox 235 1273 350 1323; x_wconf 84' lang='lat' dir='ltr'><strong>enutrire</strong></span> <span class='ocrx_word' id='word_1_36' title='bbox 364 1289 416 1324; x_wconf 90' lang='lat' dir='ltr'><strong>non</strong></span> <span class='ocrx_word' id='word_1_37' title='bbox 426 1274 556 1325; x_wconf 84' lang='grc'><strong>6611161161</strong></span> <span class='ocrx_word' id='word_1_38' title='bbox 564 1275 613 1326; x_wconf 90' lang='lat' dir='ltr'><strong>deo</strong></span> <span class='ocrx_word' id='word_1_39' title='bbox 624 1277 681 1326; x_wconf 87' lang='grc'><strong>363.</strong></span> 
     </span>
    </p>

    <p class='ocr_par' dir='ltr' id='par_1_9' title="bbox 99 1339 564 1408">
     <span class='ocr_line' id='line_1_10' title="bbox 99 1339 564 1408; baseline 0.011 -19"><span class='ocrx_word' id='word_1_40' title='bbox 99 1365 135 1374; x_wconf 93' lang='lat'><em>-</em></span> <span class='ocrx_word' id='word_1_41' title='bbox 156 1339 203 1390; x_wconf 84' lang='lat' dir='ltr'><strong>filii</strong></span> <span class='ocrx_word' id='word_1_42' title='bbox 220 1342 324 1406; x_wconf 74' lang='lat' dir='ltr'><strong>presciti</strong></span> <span class='ocrx_word' id='word_1_43' title='bbox 341 1342 374 1391; x_wconf 90' lang='lat' dir='ltr'><strong>ad</strong></span> <span class='ocrx_word' id='word_1_44' title='bbox 392 1358 488 1408; x_wconf 88' lang='lat' dir='ltr'><strong>penam</strong></span> <span class='ocrx_word' id='word_1_45' title='bbox 506 1345 564 1396; x_wconf 86' lang='grc'><strong>225.</strong></span> 
     </span>
    </p>

    <p class='ocr_par' dir='ltr' id='par_1_10' title="bbox 99 1411 682 1529">
     <span class='ocr_line' id='line_1_11' title="bbox 99 1411 682 1480; baseline 0.01 -22"><span class='ocrx_word' id='word_1_46' title='bbox 99 1416 269 1474; x_wconf 88' lang='lat' dir='ltr'><strong>-quatuor</strong></span> <span class='ocrx_word' id='word_1_47' title='bbox 290 1411 407 1460; x_wconf 89' lang='lat' dir='ltr'><strong>membra</strong></span> <span class='ocrx_word' id='word_1_48' title='bbox 427 1428 487 1461; x_wconf 91' lang='lat' dir='ltr'><strong>cnm</strong></span> <span class='ocrx_word' id='word_1_49' title='bbox 508 1414 560 1463; x_wconf 88' lang='lat' dir='ltr'><strong>suis</strong></span> <span class='ocrx_word' id='word_1_50' title='bbox 577 1413 682 1480; x_wconf 89' lang='lat' dir='ltr'><strong>compli-</strong></span> 
     </span>
     <span class='ocr_line' id='line_1_12' title="bbox 139 1477 288 1529; baseline 0.007 -2"><span class='ocrx_word' id='word_1_51' title='bbox 139 1477 212 1528; x_wconf 80' lang='lat' dir='ltr'>cibus</span> <span class='ocrx_word' id='word_1_52' title='bbox 230 1481 288 1529; x_wconf 88' lang='grc'><strong>395.</strong></span> 
     </span>
    </p>

    <p class='ocr_par' dir='ltr' id='par_1_11' title="bbox 100 1545 680 1666">
     <span class='ocr_line' id='line_1_13' title="bbox 100 1545 680 1666; baseline 0.01 -71"><span class='ocrx_word' id='word_1_53' title='bbox 100 1545 270 1666; x_wconf 40' lang='grc'><strong>-6163661661</strong></span> <span class='ocrx_word' id='word_1_54' title='bbox 294 1548 327 1597; x_wconf 93' lang='lat' dir='ltr'><strong>ad</strong></span> <span class='ocrx_word' id='word_1_55' title='bbox 354 1547 531 1599; x_wconf 88' lang='lat' dir='ltr'><strong>reducendum</strong></span> <span class='ocrx_word' id='word_1_56' title='bbox 555 1551 680 1616; x_wconf 88' lang='lat' dir='ltr'><strong>populum</strong></span> 
     </span>
    </p>

    <p class='ocr_par' dir='ltr' id='par_1_12' title="bbox 100 1683 536 1737">
     <span class='ocr_line' id='line_1_14' title="bbox 100 1683 536 1737; baseline 0.009 -4"><span class='ocrx_word' id='word_1_57' title='bbox 100 1709 135 1718; x_wconf 93' lang='lat'>-</span> <span class='ocrx_word' id='word_1_58' title='bbox 155 1684 260 1734; x_wconf 83' lang='lat' dir='ltr'><strong>malicia</strong></span> <span class='ocrx_word' id='word_1_59' title='bbox 276 1683 322 1734; x_wconf 90' lang='lat' dir='ltr'><strong>diu</strong></span> <span class='ocrx_word' id='word_1_60' title='bbox 338 1684 461 1736; x_wconf 87' lang='lat' dir='ltr'><strong>indurata</strong></span> <span class='ocrx_word' id='word_1_61' title='bbox 478 1687 536 1737; x_wconf 96' lang='grc'><strong>249.</strong></span> 
     </span>
    </p>

    <p class='ocr_par' dir='ltr' id='par_1_13' title="bbox 99 1752 679 1819">
     <span class='ocr_line' id='line_1_15' title="bbox 99 1752 679 1819; baseline 0.012 -18"><span class='ocrx_word' id='word_1_62' title='bbox 99 1777 136 1787; x_wconf 90' lang='grc'>-</span> <span class='ocrx_word' id='word_1_63' title='bbox 155 1752 237 1802; x_wconf 84' lang='lat' dir='ltr'><strong>fllium</strong></span> <span class='ocrx_word' id='word_1_64' title='bbox 254 1753 446 1819; x_wconf 87' lang='lat' dir='ltr'><strong>preponderare</strong></span> <span class='ocrx_word' id='word_1_65' title='bbox 463 1755 491 1805; x_wconf 94' lang='lat' dir='ltr'><strong>in</strong></span> <span class='ocrx_word' id='word_1_66' title='bbox 514 1771 602 1806; x_wconf 88' lang='lat' dir='ltr'><strong>amore</strong></span> <span class='ocrx_word' id='word_1_67' title='bbox 622 1758 679 1808; x_wconf 92' lang='grc'><strong>110.</strong></span> 
     </span>
    </p>

    <p class='ocr_par' dir='ltr' id='par_1_14' title="bbox 100 1821 449 1872">
     <span class='ocr_line' id='line_1_16' title="bbox 100 1821 449 1872; baseline 0.003 -1"><span class='ocrx_word' id='word_1_68' title='bbox 100 1845 136 1856; x_wconf 93' lang='grc'>-</span> <span class='ocrx_word' id='word_1_69' title='bbox 154 1821 201 1871; x_wconf 84' lang='lat' dir='ltr'><strong>tilii</strong></span> <span class='ocrx_word' id='word_1_70' title='bbox 219 1828 281 1872; x_wconf 86' lang='lat' dir='ltr'><strong>sunt</strong></span> <span class='ocrx_word' id='word_1_71' title='bbox 299 1822 372 1872; x_wconf 89' lang='lat' dir='ltr'><strong>multi</strong></span> <span class='ocrx_word' id='word_1_72' title='bbox 391 1824 449 1872; x_wconf 91' lang='grc'><strong>214.</strong></span> 
     </span>
    </p>

    <p class='ocr_par' dir='ltr' id='par_1_15' title="bbox 99 1889 474 1956">
     <span class='ocr_line' id='line_1_17' title="bbox 99 1889 474 1956; baseline 0.005 -16"><span class='ocrx_word' id='word_1_73' title='bbox 99 1915 135 1924; x_wconf 93' lang='grc'><strong>-·</strong></span> <span class='ocrx_word' id='word_1_74' title='bbox 154 1889 474 1956; x_wconf 75' lang='grc'><strong>616661616616111214.</strong></span> 
     </span>
    </p>

    <p class='ocr_par' dir='ltr' id='par_1_16' title="bbox 99 1959 348 2010">
     <span class='ocr_line' id='line_1_18' title="bbox 99 1959 348 2010; baseline 0.012 -3"><span class='ocrx_word' id='word_1_75' title='bbox 99 1984 134 1994; x_wconf 94' lang='grc'>-</span> <span class='ocrx_word' id='word_1_76' title='bbox 154 1959 272 2010; x_wconf 88' lang='lat' dir='ltr'><strong>membra</strong></span> <span class='ocrx_word' id='word_1_77' title='bbox 292 1962 348 2010; x_wconf 82' lang='lat'><strong>135.</strong></span> 
     </span>
    </p>

    <p class='ocr_par' dir='ltr' id='par_1_17' title="bbox 98 2028 338 2080">
     <span class='ocr_line' id='line_1_19' title="bbox 98 2028 338 2080; baseline 0 -2"><span class='ocrx_word' id='word_1_78' title='bbox 98 2053 135 2063; x_wconf 96' lang='lat'><em>-</em></span> <span class='ocrx_word' id='word_1_79' title='bbox 154 2028 259 2078; x_wconf 85' lang='lat' dir='ltr'><strong>cantela</strong></span> <span class='ocrx_word' id='word_1_80' title='bbox 281 2030 338 2080; x_wconf 88' lang='grc'><strong>166.</strong></span> 
     </span>
    </p>

    <p class='ocr_par' dir='ltr' id='par_1_18' title="bbox 99 2096 621 2164">
     <span class='ocr_line' id='line_1_20' title="bbox 99 2096 621 2164; baseline 0.01 -19"><span class='ocrx_word' id='word_1_81' title='bbox 99 2121 131 2130; x_wconf 93' lang='grc'>-</span> <span class='ocrx_word' id='word_1_82' title='bbox 152 2096 230 2146; x_wconf 88' lang='lat' dir='ltr'><strong>nidus</strong></span> <span class='ocrx_word' id='word_1_83' title='bbox 246 2097 341 2162; x_wconf 84' lang='lat' dir='ltr'><strong>plenas</strong></span> <span class='ocrx_word' id='word_1_84' title='bbox 358 2098 545 2164; x_wconf 77' lang='lat' dir='ltr'><strong>temporalibus</strong></span> <span class='ocrx_word' id='word_1_85' title='bbox 564 2101 621 2150; x_wconf 86' lang='lat'>133.</span> 
     </span>
    </p>

    <p class='ocr_par' dir='ltr' id='par_1_19' title="bbox 98 2165 589 2234">
     <span class='ocr_line' id='line_1_21' title="bbox 98 2165 589 2234; baseline 0.01 -21"><span class='ocrx_word' id='word_1_86' title='bbox 98 2191 131 2200; x_wconf 95' lang='lat'>-</span> <span class='ocrx_word' id='word_1_87' title='bbox 152 2165 286 2232; x_wconf 86' lang='lat' dir='ltr'><strong>religionis</strong></span> <span class='ocrx_word' id='word_1_88' title='bbox 303 2166 384 2216; x_wconf 86' lang='lat' dir='ltr'><strong>stulta</strong></span> <span class='ocrx_word' id='word_1_89' title='bbox 401 2167 529 2234; x_wconf 87' lang='lat' dir='ltr'><strong>ohligacio</strong></span> <span class='ocrx_word' id='word_1_90' title='bbox 548 2169 589 2218; x_wconf 88' lang='grc'><strong>32.</strong></span> 
     </span>
    </p>

    <p class='ocr_par' dir='ltr' id='par_1_20' title="bbox 97 2233 680 2353">
     <span class='ocr_line' id='line_1_22' title="bbox 97 2233 680 2300; baseline 0.009 -17"><span class='ocrx_word' id='word_1_91' title='bbox 97 2259 132 2269; x_wconf 94' lang='lat'><em>-</em></span> <span class='ocrx_word' id='word_1_92' title='bbox 151 2233 259 2284; x_wconf 85' lang='lat' dir='ltr'><strong>cautela</strong></span> <span class='ocrx_word' id='word_1_93' title='bbox 279 2243 416 2300; x_wconf 84' lang='lat' dir='ltr'><strong>peccatum</strong></span> <span class='ocrx_word' id='word_1_94' title='bbox 438 2235 547 2286; x_wconf 78' lang='lat' dir='ltr'><strong>ecclesie</strong></span> <span class='ocrx_word' id='word_1_95' title='bbox 571 2238 619 2287; x_wconf 87' lang='lat' dir='ltr'><strong>scit</strong></span> <span class='ocrx_word' id='word_1_96' title='bbox 636 2238 680 2288; x_wconf 78' lang='lat' dir='ltr'><strong>ab</strong></span> 
     </span>
     <span class='ocr_line' id='line_1_23' title="bbox 134 2302 465 2353; baseline 0 -2"><span class='ocrx_word' id='word_1_97' title='bbox 134 2302 261 2352; x_wconf 84' lang='lat' dir='ltr'><strong>scandere</strong></span> <span class='ocrx_word' id='word_1_98' title='bbox 279 2304 320 2353; x_wconf 84' lang='lat'><strong>91.</strong></span> <span class='ocrx_word' id='word_1_99' title='bbox 463 2319 465 2326; x_wconf 94' lang='lat'>·</span> 
     </span>
    </p>

    <p class='ocr_par' dir='ltr' id='par_1_21' title="bbox 96 2371 676 2490">
     <span class='ocr_line' id='line_1_24' title="bbox 96 2371 676 2490; baseline 0.009 -71"><span class='ocrx_word' id='word_1_100' title='bbox 96 2385 264 2490; x_wconf 49' lang='lat' dir='ltr'><strong>-lffignum</strong></span> <span class='ocrx_word' id='word_1_101' title='bbox 284 2386 364 2438; x_wconf 88' lang='lat' dir='ltr'><strong>super</strong></span> <span class='ocrx_word' id='word_1_102' title='bbox 386 2371 521 2423; x_wconf 86' lang='lat' dir='ltr'><strong>mendacio</strong></span> <span class='ocrx_word' id='word_1_103' title='bbox 540 2374 676 2424; x_wconf 81' lang='lat' dir='ltr'><strong>fundatum</strong></span> 
     </span>
    </p>

    <p class='ocr_par' dir='ltr' id='par_1_22' title="bbox 97 2509 679 2628">
     <span class='ocr_line' id='line_1_25' title="bbox 97 2509 679 2562; baseline 0.01 -6"><span class='ocrx_word' id='word_1_104' title='bbox 97 2533 130 2543; x_wconf 93' lang='lat'>-</span> <span class='ocrx_word' id='word_1_105' title='bbox 147 2509 321 2558; x_wconf 89' lang='lat' dir='ltr'><strong>membrorum</strong></span> <span class='ocrx_word' id='word_1_106' title='bbox 330 2510 502 2560; x_wconf 82' lang='lat' dir='ltr'><strong>communitas</strong></span> <span class='ocrx_word' id='word_1_107' title='bbox 514 2510 598 2560; x_wconf 84' lang='lat' dir='ltr'><strong>lerum</strong></span> <span class='ocrx_word' id='word_1_108' title='bbox 607 2525 679 2562; x_wconf 88' lang='lat' dir='ltr'><strong>mare</strong></span> 
     </span>
     <span class='ocr_line' id='line_1_26' title="bbox 132 2578 302 2628; baseline 0.029 -6"><span class='ocrx_word' id='word_1_109' title='bbox 132 2583 244 2628; x_wconf 79' lang='lat' dir='ltr'><strong>vocatur</strong></span> <span class='ocrx_word' id='word_1_110' title='bbox 262 2578 302 2627; x_wconf 82' lang='grc'><strong>13.</strong></span> 
     </span>
    </p>

    <p class='ocr_par' dir='ltr' id='par_1_23' title="bbox 95 2645 515 2710">
     <span class='ocr_line' id='line_1_27' title="bbox 95 2645 515 2710; baseline 0.014 -20"><span class='ocrx_word' id='word_1_111' title='bbox 95 2671 131 2690; x_wconf 58' lang='lat' dir='ltr'><strong>-r-</strong></span> <span class='ocrx_word' id='word_1_112' title='bbox 152 2652 289 2710; x_wconf 82' lang='lat' dir='ltr'><strong>peccatnm</strong></span> <span class='ocrx_word' id='word_1_113' title='bbox 306 2645 457 2696; x_wconf 81' lang='lat' dir='ltr'><strong>insensibile</strong></span> <span class='ocrx_word' id='word_1_114' title='bbox 475 2649 515 2697; x_wconf 84' lang='grc'><strong>93.</strong></span> 
     </span>
    </p>

    <p class='ocr_par' dir='ltr' id='par_1_24' title="bbox 94 2713 677 2768">
     <span class='ocr_line' id='line_1_28' title="bbox 94 2713 677 2768; baseline 0.01 -6"><span class='ocrx_word' id='word_1_115' title='bbox 94 2739 132 2750; x_wconf 91' lang='grc'>-</span> <span class='ocrx_word' id='word_1_116' title='bbox 151 2713 195 2764; x_wconf 87' lang='lat' dir='ltr'><strong>lex</strong></span> <span class='ocrx_word' id='word_1_117' title='bbox 206 2713 284 2764; x_wconf 88' lang='lat' dir='ltr'><strong>hodie</strong></span> <span class='ocrx_word' id='word_1_118' title='bbox 294 2714 388 2764; x_wconf 89' lang='lat' dir='ltr'><strong>multos</strong></span> <span class='ocrx_word' id='word_1_119' title='bbox 396 2715 511 2766; x_wconf 80' lang='lat' dir='ltr'><strong>fautores</strong></span> <span class='ocrx_word' id='word_1_120' title='bbox 519 2716 599 2768; x_wconf 88' lang='lat' dir='ltr'><strong>habet</strong></span> <span class='ocrx_word' id='word_1_121' title='bbox 619 2719 677 2768; x_wconf 87' lang='grc'><strong>638.</strong></span> 
     </span>
    </p>

    <p class='ocr_par' dir='ltr' id='par_1_25' title="bbox 95 2783 472 2834">
     <span class='ocr_line' id='line_1_29' title="bbox 95 2783 472 2834; baseline 0.008 -3"><span class='ocrx_word' id='word_1_122' title='bbox 95 2807 131 2818; x_wconf 91' lang='lat'>-</span> <span class='ocrx_word' id='word_1_123' title='bbox 151 2783 264 2833; x_wconf 87' lang='lat' dir='ltr'><strong>vicarius</strong></span> <span class='ocrx_word' id='word_1_124' title='bbox 281 2783 309 2832; x_wconf 91' lang='lat' dir='ltr'><strong>in</strong></span> <span class='ocrx_word' id='word_1_125' title='bbox 326 2789 396 2834; x_wconf 84' lang='lat' dir='ltr'><strong>terra</strong></span> <span class='ocrx_word' id='word_1_126' title='bbox 414 2785 472 2834; x_wconf 82' lang='lat'>699.</span> 
     </span>
    </p>

    <p class='ocr_par' dir='ltr' id='par_1_26' title="bbox 95 2851 640 2917">
     <span class='ocr_line' id='line_1_30' title="bbox 95 2851 640 2917; baseline 0.011 -18"><span class='ocrx_word' id='word_1_127' title='bbox 95 2877 131 2886; x_wconf 95' lang='lat'><em>-</em></span> <span class='ocrx_word' id='word_1_128' title='bbox 152 2851 269 2901; x_wconf 89' lang='lat' dir='ltr'><strong>membra</strong></span> <span class='ocrx_word' id='word_1_129' title='bbox 285 2852 342 2917; x_wconf 88' lang='lat' dir='ltr'><strong>ipse</strong></span> <span class='ocrx_word' id='word_1_130' title='bbox 359 2851 487 2915; x_wconf 78' lang='lat' dir='ltr'><strong>dyabolus</strong></span> <span class='ocrx_word' id='word_1_131' title='bbox 504 2861 565 2903; x_wconf 86' lang='lat' dir='ltr'><strong>eunt</strong></span> <span class='ocrx_word' id='word_1_132' title='bbox 581 2856 640 2905; x_wconf 91' lang='grc'><strong>699.</strong></span> 
     </span>
    </p>

    <p class='ocr_par' dir='ltr' id='par_1_27' title="bbox 97 2921 678 3039">
     <span class='ocr_line' id='line_1_31' title="bbox 97 2921 678 2986; baseline 0.009 -17"><span class='ocrx_word' id='word_1_133' title='bbox 97 2945 127 2956; x_wconf 91' lang='lat'>-</span> <span class='ocrx_word' id='word_1_134' title='bbox 152 2921 269 2970; x_wconf 86' lang='lat' dir='ltr'><strong>membra</strong></span> <span class='ocrx_word' id='word_1_135' title='bbox 294 2927 355 2970; x_wconf 87' lang='lat' dir='ltr'><strong>eunt</strong></span> <span class='ocrx_word' id='word_1_136' title='bbox 376 2927 463 2986; x_wconf 89' lang='lat' dir='ltr'><strong>partes</strong></span> <span class='ocrx_word' id='word_1_137' title='bbox 485 2923 613 2973; x_wconf 79' lang='lat' dir='ltr'><strong>exercitus</strong></span> <span class='ocrx_word' id='word_1_138' title='bbox 637 2923 678 2974; x_wconf 87' lang='lat' dir='ltr'><strong>sui</strong></span> 
     </span>
     <span class='ocr_line' id='line_1_32' title="bbox 132 2989 193 3039; baseline 0 -1"><span class='ocrx_word' id='word_1_139' title='bbox 132 2989 193 3039; x_wconf 85' lang='grc'><strong>326.</strong></span> 
     </span>
    </p>

    <p class='ocr_par' dir='ltr' id='par_1_28' title="bbox 94 3058 622 3123">
     <span class='ocr_line' id='line_1_33' title="bbox 94 3058 622 3123; baseline 0.008 -17"><span class='ocrx_word' id='word_1_140' title='bbox 94 3083 129 3092; x_wconf 93' lang='grc'>-</span> <span class='ocrx_word' id='word_1_141' title='bbox 151 3058 282 3107; x_wconf 84' lang='lat' dir='ltr'><strong>exercitus</strong></span> <span class='ocrx_word' id='word_1_142' title='bbox 300 3063 339 3107; x_wconf 87' lang='lat' dir='ltr'><strong>est</strong></span> <span class='ocrx_word' id='word_1_143' title='bbox 356 3073 437 3106; x_wconf 86' lang='lat' dir='ltr'><strong>unum</strong></span> <span class='ocrx_word' id='word_1_144' title='bbox 455 3073 547 3123; x_wconf 90' lang='lat' dir='ltr'><strong>corpus</strong></span> <span class='ocrx_word' id='word_1_145' title='bbox 564 3059 622 3110; x_wconf 83' lang='grc'><strong>326.</strong></span> 
     </span>
    </p>

    <p class='ocr_par' dir='ltr' id='par_1_29' title="bbox 94 3125 530 3191">
     <span class='ocr_line' id='line_1_34' title="bbox 94 3125 530 3191; baseline 0 -15"><span class='ocrx_word' id='word_1_146' title='bbox 94 3153 130 3162; x_wconf 95' lang='lat'><em>-</em></span> <span class='ocrx_word' id='word_1_147' title='bbox 151 3126 282 3176; x_wconf 86' lang='lat' dir='ltr'><strong>exercitus</strong></span> <span class='ocrx_word' id='word_1_148' title='bbox 299 3125 454 3191; x_wconf 89' lang='lat' dir='ltr'><strong>principium</strong></span> <span class='ocrx_word' id='word_1_149' title='bbox 473 3127 530 3176; x_wconf 79' lang='grc'><strong>324.</strong></span> 
     </span>
    </p>

    <p class='ocr_par' dir='ltr' id='par_1_30' title="bbox 94 3194 505 3245">
     <span class='ocr_line' id='line_1_35' title="bbox 94 3194 505 3245; baseline 0 -1"><span class='ocrx_word' id='word_1_150' title='bbox 94 3221 129 3230; x_wconf 91' lang='lat'>-</span> <span class='ocrx_word' id='word_1_151' title='bbox 150 3194 282 3245; x_wconf 87' lang='lat' dir='ltr'><strong>exercitus</strong></span> <span class='ocrx_word' id='word_1_152' title='bbox 298 3201 431 3244; x_wconf 84' lang='lat' dir='ltr'><strong>armatura</strong></span> <span class='ocrx_word' id='word_1_153' title='bbox 448 3195 505 3244; x_wconf 87' lang='grc'><strong>324.</strong></span> 
     </span>
    </p>

    <p class='ocr_par' dir='ltr' id='par_1_31' title="bbox 94 3263 571 3329">
     <span class='ocr_line' id='line_1_36' title="bbox 94 3263 571 3329; baseline 0 -15"><span class='ocrx_word' id='word_1_154' title='bbox 94 3289 129 3299; x_wconf 89' lang='grc'>-</span> <span class='ocrx_word' id='word_1_155' title='bbox 150 3263 280 3314; x_wconf 85' lang='lat' dir='ltr'><strong>exercitus</strong></span> <span class='ocrx_word' id='word_1_156' title='bbox 298 3263 351 3313; x_wconf 84' lang='lat' dir='ltr'><strong>dux</strong></span> <span class='ocrx_word' id='word_1_157' title='bbox 369 3269 409 3314; x_wconf 91' lang='lat' dir='ltr'><strong>est</strong></span> <span class='ocrx_word' id='word_1_158' title='bbox 424 3278 493 3329; x_wconf 86' lang='lat' dir='ltr'><strong>papa</strong></span> <span class='ocrx_word' id='word_1_159' title='bbox 514 3265 571 3314; x_wconf 81' lang='grc'><strong>324.</strong></span> 
     </span>
    </p>

    <p class='ocr_par' dir='ltr' id='par_1_32' title="bbox 94 3332 602 3397">
     <span class='ocr_line' id='line_1_37' title="bbox 94 3332 602 3397; baseline 0.002 -15"><span class='ocrx_word' id='word_1_160' title='bbox 94 3359 128 3368; x_wconf 91' lang='grc'>-</span> <span class='ocrx_word' id='word_1_161' title='bbox 149 3332 305 3397; x_wconf 75' lang='lat' dir='ltr'><strong>capitaneus</strong></span> <span class='ocrx_word' id='word_1_162' title='bbox 323 3339 362 3382; x_wconf 88' lang='lat' dir='ltr'><strong>est</strong></span> <span class='ocrx_word' id='word_1_163' title='bbox 379 3333 526 3382; x_wconf 67' lang='lat' dir='ltr'><strong>anticristus</strong></span> <span class='ocrx_word' id='word_1_164' title='bbox 544 3334 602 3384; x_wconf 88' lang='grc'><strong>323.</strong></span> 
     </span>
    </p>

    <p class='ocr_par' dir='ltr' id='par_1_33' title="bbox 96 3400 675 3467">
     <span class='ocr_line' id='line_1_38' title="bbox 96 3400 675 3467; baseline 0.007 -18"><span class='ocrx_word' id='word_1_165' title='bbox 96 3427 129 3438; x_wconf 94' lang='grc'>-</span> <span class='ocrx_word' id='word_1_166' title='bbox 149 3400 281 3466; x_wconf 78' lang='lat' dir='ltr'><strong>sophisma</strong></span> <span class='ocrx_word' id='word_1_167' title='bbox 298 3401 410 3451; x_wconf 80' lang='lat' dir='ltr'><strong>faciliter</strong></span> <span class='ocrx_word' id='word_1_168' title='bbox 431 3401 600 3467; x_wconf 87' lang='lat' dir='ltr'><strong>impugnatur</strong></span> <span class='ocrx_word' id='word_1_169' title='bbox 617 3403 675 3454; x_wconf 86' lang='grc'><strong>326.</strong></span> 
     </span>
    </p>

    <p class='ocr_par' dir='ltr' id='par_1_34' title="bbox 95 3469 675 3589">
     <span class='ocr_line' id='line_1_39' title="bbox 95 3469 675 3589; baseline 0.009 -72"><span class='ocrx_word' id='word_1_170' title='bbox 95 3495 130 3506; x_wconf 92' lang='lat'><strong>-—</strong></span> <span class='ocrx_word' id='word_1_171' title='bbox 149 3483 211 3586; x_wconf 62' lang='lat' dir='ltr'><strong>papa</strong></span> <span class='ocrx_word' id='word_1_172' title='bbox 200 3469 341 3589; x_wconf 53' lang='lat' dir='ltr'><strong>tillllvtgled</strong></span> <span class='ocrx_word' id='word_1_173' title='bbox 343 3485 375 3589; x_wconf 57' lang='lat' dir='ltr'><strong>pp</strong></span> <span class='ocrx_word' id='word_1_174' title='bbox 382 3469 474 3519; x_wconf 87' lang='lat' dir='ltr'><strong>diebus</strong></span> <span class='ocrx_word' id='word_1_175' title='bbox 484 3471 596 3520; x_wconf 85' lang='lat' dir='ltr'><strong>auctoris</strong></span> <span class='ocrx_word' id='word_1_176' title='bbox 614 3473 675 3522; x_wconf 90' lang='grc'><strong>600.</strong></span> 
     </span>
    </p>

    <p class='ocr_par' dir='ltr' id='par_1_35' title="bbox 96 3553 383 3588">
     <span class='ocr_line' id='line_1_40' title="bbox 96 3553 383 3588; baseline 0.007 -2"><span class='ocrx_word' id='word_1_177' title='bbox 96 3565 129 3574; x_wconf 94' lang='lat'><em>-</em></span> <span class='ocrx_word' id='word_1_178' title='bbox 150 3553 181 3587; x_wconf 87' lang='lat' dir='ltr'><strong>su</strong></span> <span class='ocrx_word' id='word_1_179' title='bbox 296 3555 308 3588; x_wconf 90' lang='lat' dir='ltr'><strong>s</strong></span> <span class='ocrx_word' id='word_1_180' title='bbox 378 3576 383 3588; x_wconf 93' lang='lat'>.</span> 
     </span>
    </p>

    <p class='ocr_par' dir='ltr' id='par_1_36' title="bbox 94 3606 676 3726">
     <span class='ocr_line' id='line_1_41' title="bbox 94 3606 676 3658; baseline 0.003 -2"><span class='ocrx_word' id='word_1_181' title='bbox 94 3633 129 3644; x_wconf 86' lang='lat'>-</span> <span class='ocrx_word' id='word_1_182' title='bbox 148 3606 249 3656; x_wconf 88' lang='lat' dir='ltr'><strong>invidia</strong></span> <span class='ocrx_word' id='word_1_183' title='bbox 265 3623 334 3657; x_wconf 87' lang='lat' dir='ltr'><strong>mors</strong></span> <span class='ocrx_word' id='word_1_184' title='bbox 351 3607 378 3656; x_wconf 91' lang='lat' dir='ltr'><strong>in</strong></span> <span class='ocrx_word' id='word_1_185' title='bbox 391 3607 479 3658; x_wconf 91' lang='lat' dir='ltr'><strong>orbem</strong></span> <span class='ocrx_word' id='word_1_186' title='bbox 492 3614 620 3658; x_wconf 86' lang='lat' dir='ltr'><strong>terramm</strong></span> <span class='ocrx_word' id='word_1_187' title='bbox 638 3609 676 3658; x_wconf 88' lang='lat' dir='ltr'><strong>in-</strong></span> 
     </span>
     <span class='ocr_line' id='line_1_42' title="bbox 129 3675 286 3726; baseline -0.006 -1"><span class='ocrx_word' id='word_1_188' title='bbox 129 3675 210 3725; x_wconf 81' lang='lat' dir='ltr'><strong>travit</strong></span> <span class='ocrx_word' id='word_1_189' title='bbox 227 3676 286 3726; x_wconf 80' lang='grc'><strong>328.</strong></span> 
     </span>
    </p>

    <p class='ocr_par' dir='ltr' id='par_1_37' title="bbox 94 3744 675 3878">
     <span class='ocr_line' id='line_1_43' title="bbox 94 3744 675 3811; baseline 0 -17"><span class='ocrx_word' id='word_1_190' title='bbox 94 3771 128 3780; x_wconf 96' lang='grc'>-</span> <span class='ocrx_word' id='word_1_191' title='bbox 148 3751 328 3809; x_wconf 85' lang='lat' dir='ltr'><strong>procuratores</strong></span> <span class='ocrx_word' id='word_1_192' title='bbox 350 3750 411 3793; x_wconf 90' lang='lat' dir='ltr'><strong>sunt</strong></span> <span class='ocrx_word' id='word_1_193' title='bbox 431 3744 478 3809; x_wconf 89' lang='lat' dir='ltr'><strong>qui</strong></span> <span class='ocrx_word' id='word_1_194' title='bbox 498 3751 599 3811; x_wconf 81' lang='lat' dir='ltr'><strong>augent</strong></span> <span class='ocrx_word' id='word_1_195' title='bbox 616 3745 675 3795; x_wconf 91' lang='lat' dir='ltr'><strong>reli·</strong></span> 
     </span>
     <span class='ocr_line' id='line_1_44' title="bbox 130 3812 382 3878; baseline 0 -17"><span class='ocrx_word' id='word_1_196' title='bbox 130 3812 223 3878; x_wconf 66' lang='lat' dir='ltr'><strong>gionm</strong></span> <span class='ocrx_word' id='word_1_197' title='bbox 240 3813 305 3878; x_wconf 83' lang='lat' dir='ltr'><strong>priv.</strong></span> <span class='ocrx_word' id='word_1_198' title='bbox 324 3813 382 3863; x_wconf 86' lang='grc'><strong>621.</strong></span> 
     </span>
    </p>

    <p class='ocr_par' dir='ltr' id='par_1_38' title="bbox 93 3880 503 3946">
     <span class='ocr_line' id='line_1_45' title="bbox 93 3880 503 3946; baseline 0 -16"><span class='ocrx_word' id='word_1_199' title='bbox 93 3907 128 3917; x_wconf 89' lang='grc'>-</span> <span class='ocrx_word' id='word_1_200' title='bbox 149 3880 296 3930; x_wconf 87' lang='lat' dir='ltr'><strong>merdosum</strong></span> <span class='ocrx_word' id='word_1_201' title='bbox 314 3881 427 3946; x_wconf 84' lang='lat' dir='ltr'><strong>porisma</strong></span> <span class='ocrx_word' id='word_1_202' title='bbox 445 3882 503 3931; x_wconf 88' lang='grc'><strong>611.</strong></span> 
     </span>
    </p>

    <p class='ocr_par' dir='ltr' id='par_1_39' title="bbox 94 3950 369 4015">
     <span class='ocr_line' id='line_1_46' title="bbox 94 3950 369 4015; baseline 0 -17"><span class='ocrx_word' id='word_1_203' title='bbox 94 3975 126 3984; x_wconf 95' lang='lat'>-</span> <span class='ocrx_word' id='word_1_204' title='bbox 147 3950 292 4015; x_wconf 80' lang='lat' dir='ltr'><strong>proprietas</strong></span> <span class='ocrx_word' id='word_1_205' title='bbox 311 3950 369 4000; x_wconf 88' lang='grc'><strong>362.</strong></span> 
     </span>
    </p>

    <p class='ocr_par' dir='ltr' id='par_1_40' title="bbox 94 4017 675 4069">
     <span class='ocr_line' id='line_1_47' title="bbox 94 4017 675 4069; baseline 0 -1"><span class='ocrx_word' id='word_1_206' title='bbox 94 4045 127 4054; x_wconf 91' lang='grc'>-</span> <span class='ocrx_word' id='word_1_207' title='bbox 147 4019 287 4069; x_wconf 79' lang='lat' dir='ltr'><strong>manifesta</strong></span> <span class='ocrx_word' id='word_1_208' title='bbox 304 4017 421 4068; x_wconf 89' lang='lat' dir='ltr'><strong>condicio</strong></span> <span class='ocrx_word' id='word_1_209' title='bbox 433 4018 459 4066; x_wconf 88' lang='lat' dir='ltr'><strong>in</strong></span> <span class='ocrx_word' id='word_1_210' title='bbox 475 4017 597 4068; x_wconf 83' lang='lat' dir='ltr'><strong>fratribus</strong></span> <span class='ocrx_word' id='word_1_211' title='bbox 615 4019 675 4068; x_wconf 87' lang='grc'><strong>361.</strong></span> 
     </span>
    </p>

    <p class='ocr_par' dir='ltr' id='par_1_41' title="bbox 94 4085 675 4206">
     <span class='ocr_line' id='line_1_48' title="bbox 94 4085 675 4154; baseline 0.002 -18"><span class='ocrx_word' id='word_1_212' title='bbox 94 4113 127 4122; x_wconf 90' lang='grc'>-</span> <span class='ocrx_word' id='word_1_213' title='bbox 146 4087 303 4154; x_wconf 87' lang='lat' dir='ltr'><strong>inquitatem</strong></span> <span class='ocrx_word' id='word_1_214' title='bbox 333 4085 465 4152; x_wconf 87' lang='lat' dir='ltr'><strong>sophistici</strong></span> <span class='ocrx_word' id='word_1_215' title='bbox 497 4087 675 4153; x_wconf 85' lang='lat' dir='ltr'><strong>predicatores</strong></span> 
     </span>
     <span class='ocr_line' id='line_1_49' title="bbox 128 4156 297 4206; baseline 0.006 -1"><span class='ocrx_word' id='word_1_216' title='bbox 128 4156 297 4206; x_wconf 71' lang='grc'><strong>1666661263.</strong></span> 
     </span>
    </p>

    <p class='ocr_par' dir='ltr' id='par_1_42' title="bbox 94 4225 396 4275">
     <span class='ocr_line' id='line_1_50' title="bbox 94 4225 396 4275; baseline -0.003 -1"><span class='ocrx_word' id='word_1_217' title='bbox 94 4251 127 4261; x_wconf 92' lang='lat'><em>-</em></span> <span class='ocrx_word' id='word_1_218' title='bbox 147 4225 241 4275; x_wconf 82' lang='grc'><strong>1161166</strong></span> <span class='ocrx_word' id='word_1_219' title='bbox 259 4226 396 4275; x_wconf 85' lang='grc'><strong>61161364.</strong></span> 
     </span>
    </p>

    <p class='ocr_par' dir='ltr' id='par_1_43' title="bbox 93 4293 585 4359">
     <span class='ocr_line' id='line_1_51' title="bbox 93 4293 585 4359; baseline -0.004 -15"><span class='ocrx_word' id='word_1_220' title='bbox 93 4321 126 4330; x_wconf 90' lang='lat'>-</span> <span class='ocrx_word' id='word_1_221' title='bbox 146 4293 313 4344; x_wconf 88' lang='lat' dir='ltr'><strong>domesticari</strong></span> <span class='ocrx_word' id='word_1_222' title='bbox 329 4309 382 4344; x_wconf 90' lang='lat' dir='ltr'><strong>non</strong></span> <span class='ocrx_word' id='word_1_223' title='bbox 399 4299 508 4359; x_wconf 87' lang='lat' dir='ltr'><strong>possunt</strong></span> <span class='ocrx_word' id='word_1_224' title='bbox 527 4293 585 4344; x_wconf 85' lang='grc'><strong>363.</strong></span> 
     </span>
    </p>
   </div>
   <div class='ocr_carea' id='block_1_3' title="bbox 149 4379 457 4444">
    <p class='ocr_par' dir='ltr' id='par_1_44' title="bbox 149 4379 457 4444">
     <span class='ocr_line' id='line_1_52' title="bbox 149 4379 457 4444; baseline -0.006 -9"><span class='ocrx_word' id='word_1_225' title='bbox 149 4392 229 4444; x_wconf 67' lang='lat' dir='ltr'><strong>army,</strong></span> <span class='ocrx_word' id='word_1_226' title='bbox 243 4393 360 4434; x_wconf 66' lang='lat' dir='ltr'><strong>manen</strong></span> <span class='ocrx_word' id='word_1_227' title='bbox 376 4379 457 4436; x_wconf 64' lang='lat' dir='ltr'><strong>aaa.</strong></span> 
     </span>
    </p>
   </div>
   <div class='ocr_carea' id='block_1_4' title="bbox 1252 558 1313 616">
    <p class='ocr_par' dir='ltr' id='par_1_45' title="bbox 1252 558 1313 616">
     <span class='ocr_line' id='line_1_53' title="bbox 1252 558 1313 616; baseline -0.016 0"><span class='ocrx_word' id='word_1_228' title='bbox 1252 558 1313 616; x_wconf 78' lang='lat'><strong>753</strong></span> 
     </span>
    </p>
   </div>
   <div class='ocr_carea' id='block_1_5' title="bbox 702 721 1314 3743">
    <p class='ocr_par' dir='ltr' id='par_1_46' title="bbox 702 721 1314 3743">
     <span class='ocr_line' id='line_1_54' title="bbox 736 721 1129 788; baseline 0.013 -19"><span class='ocrx_word' id='word_1_229' title='bbox 736 721 850 784; x_wconf 86' lang='lat' dir='ltr'><strong>Dyaboli</strong></span> <span class='ocrx_word' id='word_1_230' title='bbox 869 723 976 788; x_wconf 85' lang='lat' dir='ltr'><strong>presciti</strong></span> <span class='ocrx_word' id='word_1_231' title='bbox 993 731 1053 774; x_wconf 88' lang='lat' dir='ltr'><strong>sunt</strong></span> <span class='ocrx_word' id='word_1_232' title='bbox 1071 726 1129 775; x_wconf 90' lang='grc'><strong>364.</strong></span> 
     </span>
     <span class='ocr_line' id='line_1_55' title="bbox 736 791 1313 858; baseline 0.005 -18"><span class='ocrx_word' id='word_1_233' title='bbox 736 817 769 826; x_wconf 98' lang='grc'>-</span> <span class='ocrx_word' id='word_1_234' title='bbox 787 792 815 841; x_wconf 86' lang='grc'><strong>111</strong></span> <span class='ocrx_word' id='word_1_235' title='bbox 837 791 1027 858; x_wconf 87' lang='lat' dir='ltr'><strong>dampnacione</strong></span> <span class='ocrx_word' id='word_1_236' title='bbox 1054 793 1202 844; x_wconf 88' lang='lat' dir='ltr'><strong>mendicare</strong></span> <span class='ocrx_word' id='word_1_237' title='bbox 1223 793 1313 844; x_wconf 89' lang='lat' dir='ltr'><strong>viden·</strong></span> 
     </span>
     <span class='ocr_line' id='line_1_56' title="bbox 737 928 1239 995; baseline 0.006 -17"><span class='ocrx_word' id='word_1_238' title='bbox 737 954 768 964; x_wconf 90' lang='lat'><em>-</em></span> <span class='ocrx_word' id='word_1_239' title='bbox 787 928 905 980; x_wconf 84' lang='lat' dir='ltr'><strong>homines</strong></span> <span class='ocrx_word' id='word_1_240' title='bbox 923 945 939 980; x_wconf 94' lang='lat' dir='ltr'><strong>a</strong></span> <span class='ocrx_word' id='word_1_241' title='bbox 957 930 1031 979; x_wconf 88' lang='lat' dir='ltr'><strong>honis</strong></span> <span class='ocrx_word' id='word_1_242' title='bbox 1048 929 1161 995; x_wconf 87' lang='lat' dir='ltr'><strong>spoliant</strong></span> <span class='ocrx_word' id='word_1_243' title='bbox 1183 931 1239 981; x_wconf 88' lang='grc'><strong>150.</strong></span> 
     </span>
     <span class='ocr_line' id='line_1_57' title="bbox 737 999 1141 1064; baseline 0.002 -17"><span class='ocrx_word' id='word_1_244' title='bbox 737 1022 769 1032; x_wconf 94' lang='grc'>-</span> <span class='ocrx_word' id='word_1_245' title='bbox 788 999 894 1063; x_wconf 89' lang='lat' dir='ltr'><strong>quidam</strong></span> <span class='ocrx_word' id='word_1_246' title='bbox 912 1013 981 1064; x_wconf 88' lang='lat' dir='ltr'><strong>pape</strong></span> <span class='ocrx_word' id='word_1_247' title='bbox 998 1005 1059 1048; x_wconf 88' lang='lat' dir='ltr'><strong>sunt</strong></span> <span class='ocrx_word' id='word_1_248' title='bbox 1083 1000 1141 1049; x_wconf 89' lang='grc'><strong>664.</strong></span> 
     </span>
     <span class='ocr_line' id='line_1_58' title="bbox 738 1067 1314 1118; baseline 0.003 -2"><span class='ocrx_word' id='word_1_249' title='bbox 738 1093 769 1102; x_wconf 93' lang='grc'><strong>-</strong></span> <span class='ocrx_word' id='word_1_250' title='bbox 788 1067 815 1116; x_wconf 93' lang='lat' dir='ltr'><strong>in</strong></span> <span class='ocrx_word' id='word_1_251' title='bbox 833 1067 918 1117; x_wconf 86' lang='lat' dir='ltr'><strong>heresi</strong></span> <span class='ocrx_word' id='word_1_252' title='bbox 935 1075 996 1116; x_wconf 87' lang='lat' dir='ltr'><strong>sunt</strong></span> <span class='ocrx_word' id='word_1_253' title='bbox 1013 1067 1186 1117; x_wconf 87' lang='lat' dir='ltr'><strong>insolubiliter</strong></span> <span class='ocrx_word' id='word_1_254' title='bbox 1203 1067 1314 1118; x_wconf 89' lang='lat' dir='ltr'><strong>involuti</strong></span> 
     </span>
     <span class='ocr_line' id='line_1_59' title="bbox 736 1203 1313 1255; baseline 0.002 -1"><span class='ocrx_word' id='word_1_255' title='bbox 736 1229 768 1238; x_wconf 94' lang='lat'>—</span> <span class='ocrx_word' id='word_1_256' title='bbox 787 1204 862 1254; x_wconf 89' lang='lat' dir='ltr'><strong>multi</strong></span> <span class='ocrx_word' id='word_1_257' title='bbox 873 1210 1061 1254; x_wconf 86' lang='lat' dir='ltr'><strong>conversantur</strong></span> <span class='ocrx_word' id='word_1_258' title='bbox 1077 1221 1137 1254; x_wconf 87' lang='lat' dir='ltr'><strong>curn</strong></span> <span class='ocrx_word' id='word_1_259' title='bbox 1148 1203 1269 1255; x_wconf 83' lang='lat' dir='ltr'><strong>fidelibus</strong></span> <span class='ocrx_word' id='word_1_260' title='bbox 1285 1205 1313 1255; x_wconf 90' lang='lat' dir='ltr'><strong>in</strong></span> 
     </span>
     <span class='ocr_line' id='line_1_60' title="bbox 770 1273 957 1324; baseline 0 -2"><span class='ocrx_word' id='word_1_261' title='bbox 770 1273 957 1324; x_wconf 82' lang='grc'><strong>66616616361.</strong></span> 
     </span>
     <span class='ocr_line' id='line_1_61' title="bbox 735 1341 956 1392; baseline -0.005 -1"><span class='ocrx_word' id='word_1_262' title='bbox 735 1367 768 1375; x_wconf 96' lang='grc'>-</span> <span class='ocrx_word' id='word_1_263' title='bbox 786 1341 880 1392; x_wconf 86' lang='lat' dir='ltr'><strong>larvati</strong></span> <span class='ocrx_word' id='word_1_264' title='bbox 898 1342 956 1391; x_wconf 87' lang='grc'><strong>363.</strong></span> 
     </span>
     <span class='ocr_line' id='line_1_62' title="bbox 736 1410 1001 1460; baseline 0 0"><span class='ocrx_word' id='word_1_265' title='bbox 736 1435 767 1445; x_wconf 93' lang='lat'><strong>·-</strong></span> <span class='ocrx_word' id='word_1_266' title='bbox 786 1410 924 1460; x_wconf 84' lang='lat' dir='ltr'><strong>inveterati</strong></span> <span class='ocrx_word' id='word_1_267' title='bbox 943 1412 1001 1460; x_wconf 84' lang='grc'><strong>363.</strong></span> 
     </span>
     <span class='ocr_line' id='line_1_63' title="bbox 735 1477 1312 1544; baseline 0.003 -16"><span class='ocrx_word' id='word_1_268' title='bbox 735 1505 766 1513; x_wconf 94' lang='grc'><strong>-</strong></span> <span class='ocrx_word' id='word_1_269' title='bbox 786 1479 914 1530; x_wconf 84' lang='lat' dir='ltr'><strong>incarnati</strong></span> <span class='ocrx_word' id='word_1_270' title='bbox 940 1479 1022 1528; x_wconf 88' lang='lat' dir='ltr'><strong>maior</strong></span> <span class='ocrx_word' id='word_1_271' title='bbox 1047 1477 1164 1529; x_wconf 88' lang='lat' dir='ltr'><strong>condicio</strong></span> <span class='ocrx_word' id='word_1_272' title='bbox 1191 1479 1312 1544; x_wconf 87' lang='lat' dir='ltr'><strong>superbie</strong></span> 
     </span>
     <span class='ocr_line' id='line_1_64' title="bbox 734 1615 1180 1681; baseline -0.007 -15"><span class='ocrx_word' id='word_1_273' title='bbox 734 1642 766 1650; x_wconf 89' lang='lat'>-</span> <span class='ocrx_word' id='word_1_274' title='bbox 785 1631 843 1666; x_wconf 88' lang='lat' dir='ltr'><strong>esse</strong></span> <span class='ocrx_word' id='word_1_275' title='bbox 861 1615 1180 1681; x_wconf 75' lang='grc'><strong>6166116161666111362.</strong></span> 
     </span>
     <span class='ocr_line' id='line_1_65' title="bbox 735 1685 968 1736; baseline 0 -2"><span class='ocrx_word' id='word_1_276' title='bbox 735 1711 766 1719; x_wconf 94' lang='grc'><strong>-</strong></span> <span class='ocrx_word' id='word_1_277' title='bbox 784 1685 894 1736; x_wconf 86' lang='lat' dir='ltr'><strong>invenes</strong></span> <span class='ocrx_word' id='word_1_278' title='bbox 910 1687 968 1734; x_wconf 83' lang='lat'><strong>364.</strong></span> 
     </span>
     <span class='ocr_line' id='line_1_66' title="bbox 733 1752 1312 1818; baseline -0.002 -15"><span class='ocrx_word' id='word_1_279' title='bbox 733 1759 824 1803; x_wconf 90' lang='lat' dir='ltr'><strong>contra</strong></span> <span class='ocrx_word' id='word_1_280' title='bbox 842 1780 874 1789; x_wconf 90' lang='lat'><em>-</em></span> <span class='ocrx_word' id='word_1_281' title='bbox 897 1753 1028 1818; x_wconf 88' lang='lat' dir='ltr'><strong>sophisma</strong></span> <span class='ocrx_word' id='word_1_282' title='bbox 1049 1752 1134 1802; x_wconf 86' lang='grc'><strong>666116</strong></span> <span class='ocrx_word' id='word_1_283' title='bbox 1161 1768 1210 1818; x_wconf 86' lang='lat' dir='ltr'><strong>per</strong></span> <span class='ocrx_word' id='word_1_284' title='bbox 1230 1752 1312 1803; x_wconf 90' lang='lat' dir='ltr'><strong>verba</strong></span> 
     </span>
     <span class='ocr_line' id='line_1_67' title="bbox 768 1821 1004 1872; baseline -0.004 0"><span class='ocrx_word' id='word_1_285' title='bbox 768 1821 812 1872; x_wconf 86' lang='lat' dir='ltr'><strong>dei</strong></span> <span class='ocrx_word' id='word_1_286' title='bbox 827 1821 928 1872; x_wconf 82' lang='lat' dir='ltr'><strong>invehit</strong></span> <span class='ocrx_word' id='word_1_287' title='bbox 946 1823 1004 1872; x_wconf 88' lang='grc'><strong>324.</strong></span> 
     </span>
     <span class='ocr_line' id='line_1_68' title="bbox 734 1890 1311 1956; baseline 0 -16"><span class='ocrx_word' id='word_1_288' title='bbox 734 1906 767 1940; x_wconf 84' lang='lat' dir='ltr'><strong>ex</strong></span> <span class='ocrx_word' id='word_1_289' title='bbox 789 1918 820 1927; x_wconf 94' lang='lat'>-</span> <span class='ocrx_word' id='word_1_290' title='bbox 849 1890 969 1940; x_wconf 90' lang='lat' dir='ltr'><strong>illusione</strong></span> <span class='ocrx_word' id='word_1_291' title='bbox 992 1897 1032 1940; x_wconf 87' lang='lat' dir='ltr'><strong>est</strong></span> <span class='ocrx_word' id='word_1_292' title='bbox 1058 1890 1210 1956; x_wconf 82' lang='lat' dir='ltr'><strong>frequenica</strong></span> <span class='ocrx_word' id='word_1_293' title='bbox 1235 1891 1311 1940; x_wconf 84' lang='lat' dir='ltr'><strong>mira-</strong></span> 
     </span>
     <span class='ocr_line' id='line_1_69' title="bbox 767 1959 898 2010; baseline -0.015 0"><span class='ocrx_word' id='word_1_294' title='bbox 767 1959 821 2010; x_wconf 87' lang='lat' dir='ltr'><strong>culi</strong></span> <span class='ocrx_word' id='word_1_295' title='bbox 839 1959 898 2009; x_wconf 88' lang='grc'><strong>260.</strong></span> 
     </span>
     <span class='ocr_line' id='line_1_70' title="bbox 734 2027 1237 2094; baseline 0.006 -18"><span class='ocrx_word' id='word_1_296' title='bbox 734 2027 793 2078; x_wconf 88' lang='grc'><strong>-16</strong></span> <span class='ocrx_word' id='word_1_297' title='bbox 809 2028 949 2094; x_wconf 91' lang='lat' dir='ltr'><strong>propinqui</strong></span> <span class='ocrx_word' id='word_1_298' title='bbox 965 2033 1026 2077; x_wconf 89' lang='lat' dir='ltr'><strong>sunt</strong></span> <span class='ocrx_word' id='word_1_299' title='bbox 1042 2028 1161 2078; x_wconf 86' lang='lat' dir='ltr'><strong>canonici</strong></span> <span class='ocrx_word' id='word_1_300' title='bbox 1179 2029 1237 2079; x_wconf 86' lang='grc'><strong>136.</strong></span> 
     </span>
     <span class='ocr_line' id='line_1_71' title="bbox 734 2097 951 2148; baseline 0 -2"><span class='ocrx_word' id='word_1_301' title='bbox 734 2124 765 2132; x_wconf 87' lang='lat'><strong>—-</strong></span> <span class='ocrx_word' id='word_1_302' title='bbox 784 2098 875 2148; x_wconf 88' lang='lat' dir='ltr'><strong>vivere</strong></span> <span class='ocrx_word' id='word_1_303' title='bbox 893 2097 951 2146; x_wconf 87' lang='grc'><strong>343.</strong></span> 
     </span>
     <span class='ocr_line' id='line_1_72' title="bbox 733 2165 1026 2231; baseline 0 -17"><span class='ocrx_word' id='word_1_304' title='bbox 733 2166 821 2215; x_wconf 86' lang='lat' dir='ltr'><strong>—lum</strong></span> <span class='ocrx_word' id='word_1_305' title='bbox 839 2165 947 2231; x_wconf 81' lang='lat' dir='ltr'><strong>aggredi</strong></span> <span class='ocrx_word' id='word_1_306' title='bbox 968 2167 1026 2215; x_wconf 85' lang='grc'><strong>689.</strong></span> 
     </span>
     <span class='ocr_line' id='line_1_73' title="bbox 732 2233 1275 2300; baseline 0 -16"><span class='ocrx_word' id='word_1_307' title='bbox 732 2249 781 2299; x_wconf 89' lang='lat' dir='ltr'><strong>per</strong></span> <span class='ocrx_word' id='word_1_308' title='bbox 798 2233 886 2283; x_wconf 88' lang='lat' dir='ltr'><strong>-lum</strong></span> <span class='ocrx_word' id='word_1_309' title='bbox 902 2234 1053 2284; x_wconf 90' lang='lat' dir='ltr'><strong>introducta</strong></span> <span class='ocrx_word' id='word_1_310' title='bbox 1071 2233 1198 2300; x_wconf 90' lang='lat' dir='ltr'><strong>ohligacio</strong></span> <span class='ocrx_word' id='word_1_311' title='bbox 1218 2236 1275 2286; x_wconf 87' lang='grc'><strong>166.</strong></span> 
     </span>
     <span class='ocr_line' id='line_1_74' title="bbox 733 2302 1095 2354; baseline 0 -2"><span class='ocrx_word' id='word_1_312' title='bbox 733 2330 764 2338; x_wconf 92' lang='grc'><strong>-</strong></span> <span class='ocrx_word' id='word_1_313' title='bbox 783 2302 924 2352; x_wconf 87' lang='lat' dir='ltr'><strong>introducti</strong></span> <span class='ocrx_word' id='word_1_314' title='bbox 942 2303 1035 2354; x_wconf 84' lang='grc'><strong>1161166</strong></span> <span class='ocrx_word' id='word_1_315' title='bbox 1053 2304 1095 2353; x_wconf 92' lang='grc'><strong>91.</strong></span> 
     </span>
     <span class='ocr_line' id='line_1_75' title="bbox 733 2371 1311 2423; baseline 0 -1"><span class='ocrx_word' id='word_1_316' title='bbox 733 2371 887 2422; x_wconf 89' lang='lat' dir='ltr'><strong>-ordines</strong></span> <span class='ocrx_word' id='word_1_317' title='bbox 912 2372 940 2420; x_wconf 89' lang='lat' dir='ltr'><strong>in</strong></span> <span class='ocrx_word' id='word_1_318' title='bbox 966 2372 1103 2422; x_wconf 86' lang='lat' dir='ltr'><strong>ecclesiam</strong></span> <span class='ocrx_word' id='word_1_319' title='bbox 1131 2372 1311 2423; x_wconf 88' lang='lat' dir='ltr'><strong>subintrarunt</strong></span> 
     </span>
     <span class='ocr_line' id='line_1_76' title="bbox 732 2508 1181 2575; baseline 0 -17"><span class='ocrx_word' id='word_1_320' title='bbox 732 2534 764 2543; x_wconf 89' lang='lat'><em>-</em></span> <span class='ocrx_word' id='word_1_321' title='bbox 782 2508 930 2559; x_wconf 87' lang='lat' dir='ltr'><strong>introducta</strong></span> <span class='ocrx_word' id='word_1_322' title='bbox 947 2509 1105 2575; x_wconf 82' lang='lat' dir='ltr'><strong>glomeracio</strong></span> <span class='ocrx_word' id='word_1_323' title='bbox 1123 2510 1181 2560; x_wconf 83' lang='grc'><strong>228.</strong></span> 
     </span>
     <span class='ocr_line' id='line_1_77' title="bbox 731 2577 1310 2645; baseline 0.002 -18"><span class='ocrx_word' id='word_1_324' title='bbox 731 2604 763 2614; x_wconf 91' lang='grc'>-</span> <span class='ocrx_word' id='word_1_325' title='bbox 782 2577 875 2628; x_wconf 87' lang='lat' dir='ltr'><strong>ultima</strong></span> <span class='ocrx_word' id='word_1_326' title='bbox 896 2577 1044 2628; x_wconf 89' lang='lat' dir='ltr'><strong>introducta</strong></span> <span class='ocrx_word' id='word_1_327' title='bbox 1066 2584 1106 2627; x_wconf 87' lang='lat' dir='ltr'><strong>est</strong></span> <span class='ocrx_word' id='word_1_328' title='bbox 1127 2585 1198 2628; x_wconf 85' lang='lat' dir='ltr'><strong>secta</strong></span> <span class='ocrx_word' id='word_1_329' title='bbox 1215 2585 1310 2645; x_wconf 87' lang='lat' dir='ltr'><strong>quarta</strong></span> 
     </span>
     <span class='ocr_line' id='line_1_78' title="bbox 730 2713 1311 2766; baseline 0.002 -1"><span class='ocrx_word' id='word_1_330' title='bbox 730 2741 764 2751; x_wconf 94' lang='lat'><em>-</em></span> <span class='ocrx_word' id='word_1_331' title='bbox 786 2714 952 2765; x_wconf 88' lang='lat' dir='ltr'><strong>dissensionis</strong></span> <span class='ocrx_word' id='word_1_332' title='bbox 974 2713 1143 2764; x_wconf 88' lang='lat' dir='ltr'><strong>seminarium</strong></span> <span class='ocrx_word' id='word_1_333' title='bbox 1164 2715 1311 2766; x_wconf 86' lang='lat' dir='ltr'><strong>occultatur</strong></span> 
     </span>
     <span class='ocr_line' id='line_1_79' title="bbox 731 2850 1309 2917; baseline 0.003 -17"><span class='ocrx_word' id='word_1_334' title='bbox 731 2851 803 2902; x_wconf 92' lang='lat' dir='ltr'><strong>-los</strong></span> <span class='ocrx_word' id='word_1_335' title='bbox 820 2865 917 2917; x_wconf 90' lang='lat' dir='ltr'><strong>ponere</strong></span> <span class='ocrx_word' id='word_1_336' title='bbox 930 2851 957 2900; x_wconf 91' lang='lat' dir='ltr'><strong>in</strong></span> <span class='ocrx_word' id='word_1_337' title='bbox 969 2850 1089 2917; x_wconf 84' lang='lat' dir='ltr'><strong>catalogo</strong></span> <span class='ocrx_word' id='word_1_338' title='bbox 1103 2851 1238 2901; x_wconf 88' lang='lat' dir='ltr'><strong>beatorum</strong></span> <span class='ocrx_word' id='word_1_339' title='bbox 1250 2853 1309 2903; x_wconf 86' lang='grc'><strong>261.</strong></span> 
     </span>
     <span class='ocr_line' id='line_1_80' title="bbox 730 2919 1311 2984; baseline 0.005 -16"><span class='ocrx_word' id='word_1_340' title='bbox 730 2920 762 2969; x_wconf 78' lang='lat' dir='ltr'><strong>(le</strong></span> <span class='ocrx_word' id='word_1_341' title='bbox 788 2921 959 2984; x_wconf 78' lang='lat' dir='ltr'><strong>Dysconatus</strong></span> <span class='ocrx_word' id='word_1_342' title='bbox 986 2919 1076 2971; x_wconf 88' lang='lat' dir='ltr'><strong>ordine</strong></span> <span class='ocrx_word' id='word_1_343' title='bbox 1102 2920 1220 2970; x_wconf 88' lang='lat' dir='ltr'><strong>raciones</strong></span> <span class='ocrx_word' id='word_1_344' title='bbox 1247 2921 1311 2971; x_wconf 84' lang='lat' dir='ltr'><strong>facit</strong></span> 
     </span>
     <span class='ocr_line' id='line_1_81' title="bbox 764 2988 974 3055; baseline -0.005 -16"><span class='ocrx_word' id='word_1_345' title='bbox 764 2988 898 3055; x_wconf 85' lang='lat' dir='ltr'><strong>phariseus</strong></span> <span class='ocrx_word' id='word_1_346' title='bbox 916 2989 974 3038; x_wconf 87' lang='grc'><strong>264.</strong></span> 
     </span>
     <span class='ocr_line' id='line_1_82' title="bbox 702 3057 1309 3124; baseline 0.007 -18"><span class='ocrx_word' id='word_1_347' title='bbox 702 3092 704 3114; x_wconf 69' lang='lat'><strong>,</strong></span> <span class='ocrx_word' id='word_1_348' title='bbox 729 3058 858 3122; x_wconf 77' lang='lat' dir='ltr'><strong>Dysconii</strong></span> <span class='ocrx_word' id='word_1_349' title='bbox 877 3063 959 3106; x_wconf 87' lang='lat' dir='ltr'><strong>status</strong></span> <span class='ocrx_word' id='word_1_350' title='bbox 976 3057 1003 3106; x_wconf 91' lang='lat' dir='ltr'><strong>in</strong></span> <span class='ocrx_word' id='word_1_351' title='bbox 1016 3057 1162 3123; x_wconf 86' lang='lat' dir='ltr'><strong>ewangelio</strong></span> <span class='ocrx_word' id='word_1_352' title='bbox 1175 3073 1309 3124; x_wconf 84' lang='lat' dir='ltr'><strong>expressa-</strong></span> 
     </span>
     <span class='ocr_line' id='line_1_83' title="bbox 702 3121 1095 3192; baseline -0.005 -16"><span class='ocrx_word' id='word_1_353' title='bbox 702 3121 705 3187; x_wconf 90' lang='grc' dir='ltr'>Ι</span> <span class='ocrx_word' id='word_1_354' title='bbox 764 3134 806 3176; x_wconf 88' lang='lat' dir='ltr'><strong>tus</strong></span> <span class='ocrx_word' id='word_1_355' title='bbox 823 3127 889 3176; x_wconf 85' lang='lat' dir='ltr'><strong>falso</strong></span> <span class='ocrx_word' id='word_1_356' title='bbox 906 3133 1020 3192; x_wconf 90' lang='lat' dir='ltr'><strong>negatur</strong></span> <span class='ocrx_word' id='word_1_357' title='bbox 1038 3127 1095 3177; x_wconf 90' lang='grc'><strong>261.</strong></span> 
     </span>
     <span class='ocr_line' id='line_1_84' title="bbox 729 3195 1308 3259; baseline 0.003 -15"><span class='ocrx_word' id='word_1_358' title='bbox 729 3195 870 3259; x_wconf 84' lang='lat' dir='ltr'><strong>Dyaconns</strong></span> <span class='ocrx_word' id='word_1_359' title='bbox 888 3202 916 3244; x_wconf 90' lang='lat' dir='ltr'><strong>et</strong></span> <span class='ocrx_word' id='word_1_360' title='bbox 927 3195 1047 3246; x_wconf 87' lang='lat' dir='ltr'><strong>sacerdos</strong></span> <span class='ocrx_word' id='word_1_361' title='bbox 1060 3195 1159 3245; x_wconf 87' lang='lat' dir='ltr'><strong>habent</strong></span> <span class='ocrx_word' id='word_1_362' title='bbox 1172 3195 1308 3246; x_wconf 88' lang='lat' dir='ltr'><strong>licenciam</strong></span> 
     </span>
     <span class='ocr_line' id='line_1_85' title="bbox 763 3263 990 3329; baseline -0.004 -15"><span class='ocrx_word' id='word_1_363' title='bbox 763 3263 915 3329; x_wconf 87' lang='lat' dir='ltr'><strong>predicandi</strong></span> <span class='ocrx_word' id='word_1_364' title='bbox 932 3265 990 3315; x_wconf 82' lang='lat'>405.</span> 
     </span>
     <span class='ocr_line' id='line_1_86' title="bbox 730 3331 1308 3451; baseline 0.005 -70"><span class='ocrx_word' id='word_1_365' title='bbox 730 3331 978 3451; x_wconf 56' lang='lat' dir='ltr'><strong>-pri‘sapolpltplpppm</strong></span> <span class='ocrx_word' id='word_1_366' title='bbox 992 3339 1067 3382; x_wconf 85' lang='lat' dir='ltr'><strong>crant</strong></span> <span class='ocrx_word' id='word_1_367' title='bbox 1075 3333 1246 3400; x_wconf 87' lang='lat' dir='ltr'><strong>septuaginta</strong></span> <span class='ocrx_word' id='word_1_368' title='bbox 1257 3334 1308 3384; x_wconf 88' lang='lat' dir='ltr'><strong>duo</strong></span> 
     </span>
     <span class='ocr_line' id='line_1_87' title="bbox 803 3418 958 3467; baseline -0.006 -16"><span class='ocrx_word' id='word_1_369' title='bbox 803 3418 844 3467; x_wconf 86' lang='lat' dir='ltr'><strong>crp</strong></span> <span class='ocrx_word' id='word_1_370' title='bbox 953 3439 958 3450; x_wconf 94' lang='lat'><em>.</em></span> 
     </span>
     <span class='ocr_line' id='line_1_88' title="bbox 729 3469 1307 3535; baseline 0.003 -16"><span class='ocrx_word' id='word_1_371' title='bbox 729 3471 790 3519; x_wconf 92' lang='lat' dir='ltr'><strong>-ni</strong></span> <span class='ocrx_word' id='word_1_372' title='bbox 808 3471 835 3519; x_wconf 92' lang='lat' dir='ltr'><strong>in</strong></span> <span class='ocrx_word' id='word_1_373' title='bbox 847 3469 993 3535; x_wconf 85' lang='lat' dir='ltr'><strong>ewangelio</strong></span> <span class='ocrx_word' id='word_1_374' title='bbox 1006 3469 1114 3520; x_wconf 83' lang='grc'><strong>6011616</strong></span> <span class='ocrx_word' id='word_1_375' title='bbox 1125 3471 1238 3521; x_wconf 88' lang='lat' dir='ltr'><strong>ordinati</strong></span> <span class='ocrx_word' id='word_1_376' title='bbox 1250 3471 1307 3521; x_wconf 90' lang='grc'><strong>261.</strong></span> 
     </span>
     <span class='ocr_line' id='line_1_89' title="bbox 728 3537 1204 3603; baseline 0.006 -17"><span class='ocrx_word' id='word_1_377' title='bbox 728 3537 761 3588; x_wconf 88' lang='lat' dir='ltr'><strong>de</strong></span> <span class='ocrx_word' id='word_1_378' title='bbox 780 3539 854 3588; x_wconf 85' lang='lat' dir='ltr'><strong>-nis</strong></span> <span class='ocrx_word' id='word_1_379' title='bbox 872 3538 989 3588; x_wconf 84' lang='lat' dir='ltr'><strong>doctrina</strong></span> <span class='ocrx_word' id='word_1_380' title='bbox 1006 3539 1128 3603; x_wconf 87' lang='lat' dir='ltr'><strong>specialis</strong></span> <span class='ocrx_word' id='word_1_381' title='bbox 1146 3539 1204 3590; x_wconf 85' lang='grc'><strong>268.</strong></span> 
     </span>
     <span class='ocr_line' id='line_1_90' title="bbox 728 3606 1309 3672; baseline 0 -16"><span class='ocrx_word' id='word_1_382' title='bbox 728 3623 810 3657; x_wconf 88' lang='grc'><strong>-666</strong></span> <span class='ocrx_word' id='word_1_383' title='bbox 827 3615 927 3672; x_wconf 89' lang='lat' dir='ltr'><strong>septem</strong></span> <span class='ocrx_word' id='word_1_384' title='bbox 940 3607 1051 3672; x_wconf 89' lang='lat' dir='ltr'><strong>apostoli</strong></span> <span class='ocrx_word' id='word_1_385' title='bbox 1063 3608 1217 3658; x_wconf 87' lang='lat' dir='ltr'><strong>anctoritate</strong></span> <span class='ocrx_word' id='word_1_386' title='bbox 1233 3606 1309 3657; x_wconf 83' lang='lat' dir='ltr'><strong>Cristi</strong></span> 
     </span>
     <span class='ocr_line' id='line_1_91' title="bbox 762 3676 976 3743; baseline -0.009 -17"><span class='ocrx_word' id='word_1_387' title='bbox 762 3676 902 3743; x_wconf 88' lang='lat' dir='ltr'><strong>elegerunt</strong></span> <span class='ocrx_word' id='word_1_388' title='bbox 919 3676 976 3724; x_wconf 86' lang='grc'><strong>266.</strong></span> 
     </span>
    </p>
   </div>
   <div class='ocr_carea' id='block_1_6' title="bbox 998 3824 1034 3879">
    <p class='ocr_par' dir='ltr' id='par_1_47' title="bbox 998 3824 1034 3879">
     <span class='ocr_line' id='line_1_92' title="bbox 998 3824 1034 3879; baseline 0 0"><span class='ocrx_word' id='word_1_389' title='bbox 998 3824 1034 3879; x_wconf 77' lang='lat' dir='ltr'><strong>a.</strong></span> 
     </span>
    </p>
   </div>
   <div class='ocr_carea' id='block_1_7' title="bbox 727 3949 1307 4342">
    <p class='ocr_par' dir='ltr' id='par_1_48' title="bbox 728 3949 1145 4000">
     <span class='ocr_line' id='line_1_93' title="bbox 728 3949 1145 4000; baseline 0.005 -2"><span class='ocrx_word' id='word_1_390' title='bbox 728 3951 843 4000; x_wconf 84' lang='lat' dir='ltr'><strong>Ebetant</strong></span> <span class='ocrx_word' id='word_1_391' title='bbox 860 3957 930 4000; x_wconf 88' lang='grc'><strong>66616</strong></span> <span class='ocrx_word' id='word_1_392' title='bbox 949 3949 1085 4000; x_wconf 83' lang='lat' dir='ltr'><strong>caritatem</strong></span> <span class='ocrx_word' id='word_1_393' title='bbox 1104 3950 1145 4000; x_wconf 89' lang='grc'><strong>42.</strong></span> 
     </span>
    </p>

    <p class='ocr_par' dir='ltr' id='par_1_49' title="bbox 728 4018 1307 4137">
     <span class='ocr_line' id='line_1_94' title="bbox 728 4018 1307 4086; baseline 0 -18"><span class='ocrx_word' id='word_1_394' title='bbox 728 4019 845 4068; x_wconf 82' lang='lat' dir='ltr'><strong>Ebnllire</strong></span> <span class='ocrx_word' id='word_1_395' title='bbox 864 4019 890 4067; x_wconf 93' lang='lat' dir='ltr'><strong>in</strong></span> <span class='ocrx_word' id='word_1_396' title='bbox 908 4018 1049 4068; x_wconf 89' lang='lat' dir='ltr'><strong>stulticiam</strong></span> <span class='ocrx_word' id='word_1_397' title='bbox 1068 4025 1094 4068; x_wconf 90' lang='lat' dir='ltr'><strong>et</strong></span> <span class='ocrx_word' id='word_1_398' title='bbox 1117 4018 1227 4086; x_wconf 87' lang='lat' dir='ltr'><strong>obligari</strong></span> <span class='ocrx_word' id='word_1_399' title='bbox 1245 4018 1307 4083; x_wconf 79' lang='lat' dir='ltr'><strong>dya-</strong></span> 
     </span>
     <span class='ocr_line' id='line_1_95' title="bbox 763 4086 1044 4137; baseline -0.004 0"><span class='ocrx_word' id='word_1_400' title='bbox 763 4087 822 4137; x_wconf 94' lang='lat' dir='ltr'><strong>bolo</strong></span> <span class='ocrx_word' id='word_1_401' title='bbox 840 4086 909 4136; x_wconf 89' lang='lat' dir='ltr'><strong>idem</strong></span> <span class='ocrx_word' id='word_1_402' title='bbox 928 4093 968 4136; x_wconf 87' lang='grc'><strong>661</strong></span> <span class='ocrx_word' id='word_1_403' title='bbox 987 4088 1044 4136; x_wconf 87' lang='grc'><strong>141.</strong></span> 
     </span>
    </p>

    <p class='ocr_par' dir='ltr' id='par_1_50' title="bbox 727 4155 1286 4220">
     <span class='ocr_line' id='line_1_96' title="bbox 727 4155 1286 4220; baseline 0.004 -16"><span class='ocrx_word' id='word_1_404' title='bbox 727 4155 845 4205; x_wconf 84' lang='lat' dir='ltr'><strong>Ecclesia</strong></span> <span class='ocrx_word' id='word_1_405' title='bbox 863 4162 903 4205; x_wconf 88' lang='grc'><strong>661</strong></span> <span class='ocrx_word' id='word_1_406' title='bbox 920 4155 1012 4204; x_wconf 86' lang='lat' dir='ltr'><strong>domus</strong></span> <span class='ocrx_word' id='word_1_407' title='bbox 1031 4155 1128 4205; x_wconf 88' lang='lat' dir='ltr'><strong>domini</strong></span> <span class='ocrx_word' id='word_1_408' title='bbox 1146 4157 1209 4220; x_wconf 76' lang='lat'><strong>2413</strong></span> <span class='ocrx_word' id='word_1_409' title='bbox 1228 4157 1286 4206; x_wconf 84' lang='grc'><strong>312.</strong></span> 
     </span>
    </p>

    <p class='ocr_par' dir='ltr' id='par_1_51' title="bbox 728 4223 1306 4342">
     <span class='ocr_line' id='line_1_97' title="bbox 728 4223 1306 4286; baseline 0.005 -14"><span class='ocrx_word' id='word_1_410' title='bbox 728 4251 760 4258; x_wconf 91' lang='grc'>-</span> <span class='ocrx_word' id='word_1_411' title='bbox 778 4239 831 4272; x_wconf 89' lang='lat' dir='ltr'><strong>non</strong></span> <span class='ocrx_word' id='word_1_412' title='bbox 849 4224 914 4274; x_wconf 91' lang='lat' dir='ltr'><strong>vivit</strong></span> <span class='ocrx_word' id='word_1_413' title='bbox 931 4223 958 4272; x_wconf 88' lang='lat' dir='ltr'><strong>in</strong></span> <span class='ocrx_word' id='word_1_414' title='bbox 975 4223 1209 4275; x_wconf 87' lang='lat' dir='ltr'><strong>adinvencionibus</strong></span> <span class='ocrx_word' id='word_1_415' title='bbox 1226 4225 1306 4286; x_wconf 82' lang='lat' dir='ltr'><strong>curie,</strong></span> 
     </span>
     <span class='ocr_line' id='line_1_98' title="bbox 761 4291 1094 4342; baseline 0 0"><span class='ocrx_word' id='word_1_416' title='bbox 761 4291 807 4342; x_wconf 85' lang='lat' dir='ltr'><strong>sed</strong></span> <span class='ocrx_word' id='word_1_417' title='bbox 824 4293 851 4342; x_wconf 91' lang='lat' dir='ltr'><strong>in</strong></span> <span class='ocrx_word' id='word_1_418' title='bbox 869 4291 921 4342; x_wconf 86' lang='lat' dir='ltr'><strong>fide</strong></span> <span class='ocrx_word' id='word_1_419' title='bbox 940 4293 1017 4342; x_wconf 84' lang='lat' dir='ltr'><strong>cristi</strong></span> <span class='ocrx_word' id='word_1_420' title='bbox 1036 4293 1094 4342; x_wconf 92' lang='grc'><strong>620.</strong></span> 
     </span>
    </p>
   </div>
   <div class='ocr_carea' id='block_1_8' title="bbox 1058 4379 1091 4428">
    <p class='ocr_par' dir='ltr' id='par_1_52' title="bbox 1058 4379 1091 4428">
     <span class='ocr_line' id='line_1_99' title="bbox 1058 4379 1091 4428; baseline 0.061 -2"><span class='ocrx_word' id='word_1_421' title='bbox 1058 4379 1091 4428; x_wconf 85' lang='grc'><strong>48</strong></span> 
     </span>
    </p>
   </div>
   <div class='ocr_carea' id='block_1_9' title="bbox 0 0 1656 5134">
    <p class='ocr_par' dir='ltr' id='par_1_53' title="bbox 0 0 1656 5134">
     <span class='ocr_line' id='line_1_100' title="bbox 0 0 1656 5134; baseline 0 3"><span class='ocrx_word' id='word_1_422' title='bbox 0 0 1656 5134; x_wconf 95' lang='lat' dir='ltr'><strong> </strong></span> 
     </span>
    </p>
   </div>
  </div>
 </body>
</html>
