3286 5134
104 573 158 620 cop.
182 549 273 619 Vm]
617 553 660 604 ΟΕ
667 551 810 604 UcJAPA.
1238 555 1298 619 621

104 729 327 810 predestinacio
349 727 440 790 Cristi
470 739 575 790 eterna
605 737 636 789 et
661 728 743 790 salus
765 729 861 790 tocius
882 727 1009 789 ecclesie
1031 728 1199 800 militantis,
1232 748 1301 788 oum

103 833 305 913 probabiliter
330 832 472 905 creditur,
495 831 576 912 quod
598 841 725 914 utroque
746 834 872 894 istorum
894 830 1049 892 subtracto
1072 832 1110 893 de
1132 831 1231 892 medio
1253 830 1303 892 vel

103 937 273 1016 dampnato
303 942 397 996 staret
427 934 556 997 ccclesia
587 933 679 997 Oristi
713 936 856 1016 quiecius‚
888 955 980 1015 quam
1011 943 1073 996 stat
1102 933 1201 1007 modo,
1233 954 1303 995 cum

103 1039 195 1100 multi
226 1046 402 1118 supponunt
431 1038 630 1118 probabiliter
660 1060 699 1100 ex
720 1039 791 1100 vitis
821 1059 934 1111 eorum,
966 1039 1045 1118 quod
1077 1038 1171 1099 nichil
1191 1037 1252 1099 illis
1274 1045 1305 1098 et

78 1141 235 1203 ⁵ecclesie
257 1149 361 1202 sancte
383 1137 452 1202 deii

193 1243 354 1322 Sillogizat
384 1253 486 1305 autem
508 1245 606 1306 fidelis
627 1246 659 1306 in
682 1246 741 1307 ista
762 1247 890 1306 materia
912 1244 1120 1306 convincendo
1142 1243 1238 1305 verba
1259 1265 1304 1305 so·

103 1347 239 1427 phistica
260 1342 463 1407 huiusmodi⁶⁰
478 1349 637 1427 potestatis
651 1369 691 1410 ex
706 1349 772 1422 hoc,
796 1349 877 1428 quod
891 1349 951 1409 fide
966 1348 1128 1420 credimus,
1152 1343 1304 1408 nullum⁶¹

103 1449 260 1530 prelatum
286 1449 335 1510 hic
361 1449 475 1511 habere
500 1459 682 1530 potestatem
705 1451 762 1511 nisi
784 1471 802 1512 a
825 1451 945 1512 domino
967 1451 1037 1512 Iesu
1060 1445 1191 1512 Oristi.⁶²
1234 1449 1305 1510 Cre·

103 1553 208 1612 dimus
238 1553 374 1631 insuper,
406 1553 486 1634 quod
518 1549 668 1614 Cristus⁶³
697 1575 759 1614 non
798 1553 852 1614 dat
881 1563 1062 1634 potestatem
1099 1554 1213 1614 homini
1249 1553 1305 1612 nisi

64 1663 93 1708 1⁰
102 1654 336 1716 racionabiliter
350 1656 390 1716 ad
405 1657 630 1718 edificacionem
647 1657 782 1730 ecclesie,
799 1657 918 1718 dicente
932 1657 1070 1737 apostolo
1079 1656 1112 1716 H
1123 1654 1191 1716 Cor.
1204 1659 1242 1715 12
1251 1650 1307 1715 :⁶⁴¹⁶

102 1759 212 1820 omnia
234 1759 323 1832 enim,
344 1759 452 1820 fratres
467 1755 653 1832 carissimi‚⁶⁵
675 1769 797 1838 propter
812 1759 1036 1821 edificacionem
1052 1769 1194 1821 vestram.
1224 1758 1306 1818 Nam

103 1861 228 1923 Oriatus
249 1882 310 1922 non
331 1862 467 1938 habebat
487 1863 545 1924 nisi
566 1863 733 1924 secundum
755 1862 840 1923 illam
862 1883 1036 1924 mensuram
1058 1862 1233 1922 humanitus
1253 1881 1305 1940 po·

102 1973 261 2038 testatem,
284 1965 400 2026 scilicet
421 1974 544 2046 propter
566 1966 793 2028 edificacionem
816 1966 943 2028 ecclesie
965 1986 1027 2027 sue.

195 2067 239 2128 Et
260 2089 300 2128 ex
321 2068 378 2128 isto
400 2065 618 2130 convincunt⁶⁶
639 2067 744 2130 fideles
766 2069 901 2143 euterius,
925 2068 1005 2150 quod
1027 2068 1122 2128 multe
1143 2074 1307 2146 potestates

62 2171 179 2231 relicte
202 2168 292 2231 hodie
315 2172 353 2232 de
374 2167 607 2251 indulgenciis⁶⁷
631 2179 662 2232 et
683 2171 927 2235 absolutionibus
950 2195 968 2234 a
990 2192 1070 2250 pena
1089 2178 1121 2230 et
1135 2165 1261 2250 culpa⁶⁸
1275 2168 1307 2227 in

104 2293 219 2345 causa,
252 2294 310 2353 que
341 2295 401 2335 non
431 2284 521 2340 sonat
549 2276 582 2336 in
611 2276 838 2338 edificacionem
869 2275 1008 2348 ecclesie,
1046 2284 1117 2336 sunt
1147 2271 1308 2352 sophistice

104 2387 205 2458 atque
227 2376 313 2438 false.

197 2479 272 2540 Ideo
294 2500 351 2541 nec
366 2479 483 2542 Cristus
504 2502 560 2544 nec
583 2484 629 2544 sui
651 2483 779 2563 apostoli
801 2505 857 2544 nec
880 2482 974 2563 aliqui
995 2480 1100 2541 fideles
1115 2478 1205 2540 Cristi
1223 2479 1311 2540 disci·

106 2583 177 2663 puli
208 2584 391 2645 invenenmt
419 2585 475 2646 hos
490 2593 501 2656 ΙΙ
518 2587 660 2648 terminos
682 2587 732 2648 vel
754 2587 835 2647 hunc
866 2587 989 2646 modum
1015 2583 1180 2645 seducendi
1206 2581 1328 2648 fidclcsp
1341 2591 1467 2645 crosno

61 2681 287 2760 mocclena&
309 2695 473 2767 antequam
495 2689 646 2768 dyabolus
668 2699 714 2752 est
735 2690 860 2752 uolutus.

200 2790 244 2851 Et
274 2811 313 2852 ex
343 2793 449 2854 eadem
480 2793 583 2854 radice
613 2802 789 2874 supponunt
817 2792 930 2866 fideles,
962 2792 1044 2872 quod
1064 2791 1095 2851 in
1118 2789 1311 2851 confeccione

108 2891 329 2958 eucharistiam
351 2917 413 2957 non
431 2895 595 2957 destruitur
609 2898 746 2958 funditus
760 2905 880 2958 terrena
895 2895 1078 2967 substancia,
1102 2901 1132 2954 et
1146 2891 1227 2974 quod
1242 2913 1311 2952 con-

108 3000 214 3080 geries
237 2998 444 3060 accidcncium
475 3021 530 3081 per
560 3021 591 3062 se
620 3010 730 3061 manet.
785 2999 818 3060 si
846 3000 925 3060 enirn
947 2997 1105 3078 presbiteri
1131 2995 1312 3075 regulariter

108 3103 233 3165 habent
253 3103 342 3164 istam
364 3103 595 3165 inestimabilem
618 3113 808 3183 potestatem,
832 3102 946 3164 habent
966 3102 1065 3181 ipsam
1088 3100 1181 3161 adeo
1197 3099 1237 3160 ad
1252 3099 1313 3160 edi·

63 3205 294 3267 aoficacionem
317 3206 451 3267 ecclesie.
490 3207 551 3268 Sed
574 3228 631 3288 que
653 3207 782 3280 utilitas,
812 3206 892 3286 quod
912 3206 1002 3285 panis
1024 3225 1118 3285 usque
1141 3203 1181 3264 ad
1203 3201 1313 3263 funde·

109 3317 254 3371 mentum
276 3309 308 3369 in
329 3329 364 3369 eo
387 3309 559 3370 destruatur
580 3319 611 3371 et
632 3329 736 3371 sensus
759 3311 892 3370 omnium
914 3308 992 3369 illud
1007 3317 1229 3370 sacramentum
1245 3327 1313 3386 per·

333 3493 394 3560 lep.
420 3499 460 3546 tlte
484 3515 551 3548 smne
577 3500 634 3548 idco
660 3499 735 3548 heloro
758 3499 785 3547 ia
811 3498 855 3547 De
876 3497 996 3547 Christo
1018 3501 1046 3546 ct
1066 3513 1086 3545 a
1109 3496 1174 3545 ado.
1192 3511 1247 3559 cop.
1270 3494 1318 3542 IX

214 3619 217 3626 ,
291 3576 386 3632 *nra

186 3731 210 3763 ⁶⁰
228 3735 374 3786 brummont
384 3738 456 3786 BOD
507 3737 584 3788 huius
594 3739 671 3787 AEG
758 3734 778 3765 ⁶¹
796 3737 898 3788 nullum
910 3737 1037 3785 ABcDo
1088 3735 1157 3802 quod
1180 3735 1279 3784 nullum
1290 3735 1317 3784 E

107 3823 134 3852 ⁶²
155 3825 183 3872 ia
196 3825 222 3871 A
239 3825 261 3872 ir
278 3824 337 3873 aad.
355 3825 381 3872 ia
399 3841 476 3874 moa:
502 3825 621 3874 Potestas
638 3825 722 3874 solum
738 3839 755 3874 a
773 3823 821 3874 deo
832 3821 876 3882 At
894 3825 934 3872 tlte
949 3839 1016 3872 resne
1033 3826 1088 3870 note
1104 3823 1130 3870 ia
1142 3821 1169 3869 E
1185 3821 1258 3868 below
1276 3821 1316 3868 rte

108 3911 164 3961 col.
184 3909 216 3974 by
233 3905 274 3959 E'
304 3910 330 3958 in
342 3910 369 3958 D
385 3911 408 3959 b
425 3911 484 3959 add.
502 3910 576 3958 above
593 3911 633 3958 tte
643 3910 702 3959 cot:
720 3909 786 3960 Fide
807 3909 936 3960 credimus
954 3910 1054 3960 nullum
1073 3908 1200 3974 prelatum
1218 3905 1315 3954 habere

108 3998 158 4048 hic
185 4000 344 4062 potestatem
370 3995 420 4045 nisi
446 3995 586 4046 adomino
608 3995 667 4045 Iesu
688 3994 770 4044 Oristo
782 3993 819 4044 D¹
893 3991 916 4024 ‘⁴’
933 3993 1030 4045 cristus
1042 3995 1141 4042 Anca
1189 3991 1316 4042 deusve

108 4082 134 4113 ‘⁴
158 4083 207 4132 12⁰
221 4083 348 4131 AODEG
401 4083 466 4131 13Β
553 4079 575 4109 ⁶¹⁵
591 4081 715 4132 carissimi
724 4077 873 4142 ABDE,0⁸
894 4083 1001 4131 eumd
1021 4082 1131 4130 intelle
1152 4079 1228 4126 blank
1244 4095 1318 4141 rpoce

149 4171 253 4220 bonum
264 4171 289 4218 G
349 4165 371 4196 ⁶⁶
388 4167 681 4218 convincuntAODEG
709 4167 900 4216 convincantB
960 4163 981 4194 ‘⁷
999 4167 1119 4216 turae
1131 4165 1190 4213 add.
1202 4165 1228 4212 ic
1239 4180 1316 4212 mor..-

109 4255 293 4323 Indulgencie
304 4251 381 4304 Μ’
450 4252 471 4282 ⁶⁸
488 4254 566 4320 culpa
579 4254 705 4302 Accae
749 4253 895 4318 aculpaB
967 4249 989 4280 ⁶⁹
1006 4252 1115 4303 ecclesie
1125 4245 1275 4306 Bcocffi
1292 4251 1318 4299 ia

110 4362 181 4396 mar.
218 4358 265 4392 om.
275 4343 329 4390 ΔΕ
379 4338 400 4368 ⁷⁰
416 4343 442 4390 in
454 4343 539 4391 AEs's
556 4341 614 4391 aad.
632 4341 658 4389 ic
675 4356 751 4389 m:
769 4339 967 4400 Sacramentum
980 4335 1058 4389 Μ’
