3260 5136
329 553 390 611 504
756 550 948 599 Jonnmvrs
970 550 1109 600 vrcrrn
1421 544 1490 613 [cap.
1516 546 1539 592 r

330 722 379 781 cui
410 720 523 782 accidit
553 731 650 784 status
681 723 814 784 virtuose
841 723 1082 784 conversacionis
1113 722 1170 783 sibi
1197 721 1326 794 debitus,
1360 741 1418 800 quo
1443 719 1535 778 modo

331 825 460 884 sumitur
481 844 500 884 a
521 823 612 886 beato
627 826 719 887 Petro
743 827 781 901 (I)
797 825 881 886 Petri
904 828 946 898 2,⁶
970 825 1042 886 dum
1066 825 1196 904 precipit
1217 825 1312 885 servis
1335 823 1461 883 obedire
1483 822 1534 881 do

329 927 418 987 minis
441 927 571 1002 discolis,
601 939 632 989 et
653 929 818 1010 aliquando
841 929 969 988 sumitur
990 927 1168 1006 simpliciter
1189 948 1244 1006 pro
1267 921 1474 1006 aggregatam
1495 946 1533 985 ex

328 1030 502 1091 huiusmodi
533 1041 614 1092 statu
639 1041 670 1092 et
691 1028 806 1094 statu¹¹
829 1033 961 1092 virtuose
984 1032 1225 1092 conversacionis
1248 1030 1306 1091 sibi
1328 1029 1443 1102 debita,
1477 1049 1533 1108 qno

329 1134 419 1193 modo
442 1135 569 1194 sumitur
595 1135 726 1196 abesto
749 1135 921 1214 Augustino
944 1134 992 1195 [V
1015 1135 1053 1194 de
1076 1133 1208 1194 Civitate
1231 1133 1292 1194 Dei
1314 1153 1382 1212 cap.
1408 1138 1437 1205 4,
1463 1133 1532 1192 dum
1558 1149 1571 1190 s

331 1231 431 1310 dicitfl
454 1238 534 1317 quod
557 1259 643 1316 reges
666 1240 729 1299 sinc
751 1239 871 1300 iusticia
893 1247 965 1299 sunt
986 1238 1117 1318 tyranni.

417 1336 616 1421 Supposito¹²
638 1341 780 1414 secundo,
812 1341 894 1421 quod
915 1341 946 1401 in
969 1341 1051 1402 dicto
1074 1349 1254 1418 argumento
1277 1349 1418 1400 sumatur
1440 1347 1534 1399 status

330 1443 463 1524 prelacic
485 1465 540 1523 pro
563 1452 644 1504 statu
666 1444 799 1523 prelacic
822 1444 955 1504 secundo
978 1443 1067 1504 modo
1090 1444 1181 1516 dicto,
1205 1442 1316 1523 quibus
1331 1442 1453 1502 duobus
1469 1463 1534 1520 sup

329 1547 434 1626 positis
458 1546 568 1606 dicitur
586 1547 736 1624 negando,
761 1547 841 1627 quod
857 1547 962 1626 religio
978 1548 1100 1626 privata
1115 1555 1161 1607 est
1181 1547 1316 1608 securior
1330 1565 1424 1626 quam
1439 1556 1534 1606 status

330 1649 472 1729 prelacic,
497 1649 582 1709 etad
597 1649 813 1730 probacionem
828 1651 892 1710 eius
908 1671 976 1709 cum
993 1650 1036 1710 sic
1052 1650 1202 1728 arguitur:
1228 1657 1326 1710 status
1341 1647 1476 1728 prelacic
1491 1659 1532 1707 est
1545 1666 1570 1706 ro

330 1751 527 1831 periculosior
549 1753 693 1831 religione
716 1754 845 1832 privata,
869 1752 980 1813 dicitur
1002 1753 1059 1812 hoc
1082 1753 1233 1830 negando,
1258 1751 1407 1812 sumendo
1423 1759 1533 1812 statum

330 1855 464 1936 prelacic
495 1875 550 1933 pro
582 1863 663 1915 statu
693 1855 827 1934 prelacic
858 1857 992 1916 secundo
1024 1855 1113 1915 modo
1137 1856 1229 1916 dictu.
1274 1855 1341 1916 Nec
1365 1854 1532 1934 oppositrun

331 1958 420 2018 huius
451 1957 558 2018 asserit
587 1953 730 2018 beatus¹³
752 1955 943 2036 Augustinus
974 1959 1005 2018 in
1027 1959 1208 2020 auctoritate
1231 1957 1434 2038 preallegate,
1466 1956 1534 2017 licet

331 2062 362 2121 in
385 2060 452 2139 ipsa
467 2068 591 2132 asserat,
615 2060 695 2139 quod
711 2067 807 2120 status
823 2061 955 2140 prelacic
971 2062 1068 2141 primo
1085 2061 1174 2122 modo
1190 2061 1300 2134 dictus,
1326 2061 1400 2121 dum
1421 2054 1532 2120 carer¹¹

331 2172 412 2224 statu
435 2163 568 2223 virtuose
591 2163 832 2224 conversacionis
854 2163 911 2224 sibi
933 2164 1045 2237 debito,
1074 2173 1120 2224 cst
1141 2172 1240 2225 status
1262 2163 1568 2244 periculosissimusrs

330 2266 362 2325 in
384 2266 440 2326 hoc
463 2265 586 2325 mundo.

417 2366 469 2427 Ex
499 2389 558 2447 quc
590 2378 683 2447 patet,
715 2369 796 2450 quod
818 2368 1097 2449 proporcioualiter,
1130 2365 1198 2430 ut¹⁶
1229 2378 1328 2431 status
1361 2369 1469 2450 aliquis
1492 2380 1534 2427 cst

331 2469 499 2543 virtuosior,
523 2479 569 2531 est
590 2471 730 2545 securior,
755 2473 826 2552 quia
848 2493 866 2532 a
888 2482 1015 2551 peccato
1038 2473 1222 2552 elongncior.

418 2572 559 2633 Secundo
590 2582 683 2652 patet,
717 2575 797 2654 quod
826 2583 923 2636 status
945 2576 1077 2655 prelacic
1100 2575 1234 2637 secundo
1258 2577 1350 2637 modo
1374 2575 1471 2636 dictus
1492 2586 1533 2632 est

331 2685 428 2736 status
449 2676 655 2736 securissimus
676 2676 707 2735 in
729 2677 786 2738 hoc
809 2678 922 2737 mundo
945 2699 989 2752 ca,
1013 2679 1095 2759 quod
1118 2687 1164 2739 est
1185 2687 1283 2740 status
1298 2679 1531 2758 perfectissimus
1541 2693 1567 2737 u·

332 2787 363 2838 et
384 2779 516 2839 maxime
539 2779 707 2839 meritorius
730 2781 761 2840 in
783 2779 840 2840 hoc
862 2781 985 2855 mundo,
1018 2782 1138 2842 dicente
1161 2781 1252 2842 beato
1260 2777 1288 2815 ¹⁶
1311 2782 1483 2860 Augustino
1503 2779 1532 2838 in

333 2881 416 2942 dicta
447 2882 636 2954 auctoritate,
669 2883 750 2961 quod
781 2883 899 2944 nullum
931 2883 1065 2945 officium
1096 2883 1222 2945 viatoris
1254 2894 1300 2945 est
1333 2885 1418 2963 apud
1447 2883 1530 2942 deum

333 2983 456 3043 beacius
487 2983 586 3043 officio
617 2984 750 3062 episcopi
773 2993 826 3044 aut
856 2984 1034 3064 presbyteri,
1066 2987 1090 3047 si
1113 3007 1148 3044 eo
1176 2987 1268 3046 modo
1291 2987 1447 3058 militetur,
1478 3005 1530 3064 quo

333 3095 434 3144 noster
456 3086 619 3163 imperator
639 3086 724 3148 iubet
745 3083 833 3148 etc.¹⁷

176 3197 185 3248 ΙΙ
198 3195 263 3248 01⁰2·
279 3196 327 3236 1⁸⁸⁴
427 3193 439 3256 11
455 3186 562 3247 Tercio
584 3196 678 3266 patet,
702 3190 783 3268 quod
805 3210 893 3250 nemo
916 3198 962 3250 est
984 3191 1132 3264 dominus,
1157 3193 1300 3252 sacerdos
1317 3193 1369 3252 vel
1384 3191 1530 3270 religiosus
1538 3205 1564 3250 rs

547 3377 594 3422 eu.
615 3379 647 3424 18
717 3370 785 3438 αφ.
809 3378 913 3438 Aupust.
944 3378 1007 3440 opp.
1030 3378 1096 3427 Tum.
1119 3378 1191 3436 VH,
1214 3379 1256 3428 De
1273 3380 1320 3431 eto.
1350 3381 1413 3437 Dei,
1435 3379 1473 3427 rit.
1493 3375 1530 3429 ll,

505 3475 560 3522 cap.
578 3459 652 3508 XXI
667 3475 695 3522 p.
714 3464 745 3510 49
761 3461 792 3509 C:
820 3462 878 3509 Oum
901 3479 956 3510 uero
979 3464 1083 3512 iniustus
1106 3469 1143 3512 ert
1160 3481 1218 3522 rea,
1236 3481 1308 3528 quern
1326 3470 1456 3532 &mnam
1472 3478 1530 3512 nort

507 3547 604 3593 Graeco
627 3545 765 3608 appellavit
785 3550 829 3594 etc.
871 3547 907 3595 W.
925 3549 982 3603 Irae,
1006 3548 1025 3596 Ι
1040 3550 1140 3606 believe,
1164 3551 1213 3598 rau
1226 3567 1339 3614 passage
1361 3552 1389 3599 in
1405 3553 1471 3606 viera,-
1495 3548 1530 3593 dis

505 3647 557 3677 oron
575 3631 772 3692 quotaticnfflb.
787 3631 1094 3696 rv⁷eap.11⁷p.sou)
1111 3637 1200 3684 reads:
1220 3637 1327 3686 Reorota
1341 3639 1426 3700 itaque
1436 3634 1529 3684 iuditia·

505 3715 565 3778 qaid
581 3719 638 3762 suut
654 3731 730 3778 repon
747 3718 795 3764 nui
813 3716 963 3766 lenocinio?
986 3721 1046 3781 puin
1063 3725 1087 3768 er
1110 3722 1167 3784 ipsa
1185 3721 1324 3771 latiur-inin
1343 3723 1405 3786 quid
1420 3725 1472 3770 runt
1486 3717 1527 3766 riri

502 3817 585 3862 parua
602 3803 694 3862 regna?

405 3967 426 3996 ¹⁰
444 3971 469 4017 in
481 3972 506 4018 Δ
524 3971 546 4018 ir
563 3970 621 4019 add.
641 3969 714 4018 below
732 3971 772 4018 tlte
783 3971 829 4019 eol.
842 3968 918 4022 963⁶:
936 3973 1017 4022 Note:
1036 3981 1119 4024 stitus
1138 3975 1254 4041 prelacic
1272 3977 1379 4043 eapitur
1396 3975 1526 4043 dupliciter,

335 4069 388 4103 uno
400 4054 476 4104 modo
488 4053 666 4120 personaliter,
679 4055 730 4104 alio
743 4055 819 4104 modo
832 4058 1002 4122 aggregative
1013 4059 1050 4108 ΑΕ
1104 4059 1124 4088 ¹¹
1143 4063 1258 4112 stettin
1287 4061 1392 4133 omnip-⁴3
1444 4059 1463 4090 ¹²
1476 4075 1525 4122 sup
1611 4095 1612 4102 η

336 4140 419 4204 posito
430 4140 495 4199 cO(
496 4142 506 4186 ,Ι
506 4141 523 4201 )
558 4155 675 4206 suppono
687 4137 730 4208 Αβ
801 4137 822 4166 ¹³
839 4141 1006 4194 beatusACa
1043 4146 1120 4196 huius
1133 4149 1260 4209 (moret)
1273 4147 1375 4219 beatss
1430 4145 1451 4175 ¹⁴
1465 4151 1525 4194 curti

337 4221 395 4292 Οαβ
425 4224 631 4377 ἱειοῐειβῄηωιί)
643 4227 732 4273 eund
786 4221 807 4251 ¹³
819 4231 847 4273 ut
858 4223 916 4295 θαβ
944 4234 1028 4278 necA
1083 4229 1104 4258 ¹⁶
1116 4231 1195 4282 beato
1207 4234 1245 4284 Oa
1278 4233 1350 4284 dieto
1361 4232 1405 4306 Αβ
1455 4228 1524 4278 fleu.

337 4309 374 4358 Cu
410 4312 490 4356 troad
