3260 5136
92 557 143 603 cap.
161 537 206 604 Ill¹
428 539 482 586 DE
499 537 715 588 RELIGIONE
731 538 897 588 PRIVATA
916 538 939 587 I.
1225 541 1287 599 495

180 719 191 780 ΙΙ
206 711 298 772 Item:
332 712 427 771 omnis
458 710 565 789 religio
587 712 781 790 particularis
802 712 886 772 facta
908 731 947 772 ex
969 711 1145 789 ignorancia
1169 709 1218 770 rel
1240 710 1306 773 der
1329 721 1452 772 Osoldw

92 815 169 875 lectu
191 814 263 874 artis
286 815 438 874 statuendi
462 813 638 892 religionem
662 815 879 895 particularem
901 815 933 873 in
956 833 1106 886 mensura,
1136 833 1196 894 qua
1219 813 1292 873 faci·

92 918 155 976 litat
177 913 251 976 ad¹⁸
274 917 503 977 observanciam
526 913 713 996 religionis¹⁹
737 918 919 990 communis,
944 927 990 977 est
1012 916 1188 996 culpabilis;
1222 936 1291 975 cum

92 1039 158 1097 ergo
189 1020 285 1080 omnis
316 1019 421 1096 religio
456 1019 578 1098 privata
611 1031 657 1081 eet
683 1021 855 1082 huiusmodi
886 1019 1003 1097 religi0‚
1035 1020 1178 1098 sequitur,
1212 1017 1292 1098 quod

71 1123 183 1182 somnis
206 1123 313 1200 religio
335 1123 458 1202 privata
481 1133 526 1183 est
548 1123 721 1203 culpabilis.

168 1225 260 1285 Patet
282 1226 503 1306 consequencia
525 1247 595 1286 cum
618 1227 734 1300 maiori,
758 1237 789 1287 et
811 1226 909 1286 minor
929 1227 970 1286 sic
987 1225 1136 1303 arguitur:
1160 1225 1293 1286 sciencia

90 1329 156 1388 artis
187 1329 341 1389 statuendi
371 1329 548 1406 religionem
580 1329 798 1408 particularem
828 1330 861 1390 in
891 1330 946 1390 tali
978 1348 1119 1388 mensura
1147 1328 1293 1406 competit

96 1431 147 1490 soli
168 1431 226 1491 deo
249 1443 280 1492 et
300 1432 367 1503 hiis,
391 1431 500 1511 quibus
522 1427 826 1512 supernaturaliter⁹⁰
848 1433 903 1493 dat
924 1432 1022 1504 illam;
1056 1451 1124 1491 cum
1147 1451 1219 1508 ergo
1241 1432 1293 1492 ho·

94 1535 184 1595 mines
215 1543 383 1594 statuentes
414 1533 591 1614 religionem
622 1537 773 1614 privatam
801 1557 861 1596 non
884 1535 1057 1595 habuerunt
1077 1535 1175 1614 ipsam
1198 1534 1292 1595 scien-

58 1638 177 1710 nciam,
210 1658 279 1698 curn
312 1647 385 1698 tune
416 1637 494 1698 foret
524 1639 607 1716 paris
639 1639 827 1699 auennitatis
864 1660 933 1700 cum
971 1637 1104 1716 epistolis
1134 1636 1225 1696 Pauli
1263 1647 1293 1696 et

93 1741 216 1800 aliorum
240 1739 455 1820 apostolorum,
488 1741 570 1820 quod
592 1761 681 1802 nemo
704 1741 786 1814 dicit,
818 1741 962 1821 sequitur,
995 1739 1076 1820 quod
1098 1759 1158 1798 nou
1181 1747 1292 1799 statue·

93 1853 159 1904 runt
179 1845 280 1923 ipsam
302 1863 342 1902 ex
357 1842 424 1922 ipsa
439 1843 579 1916 sciencia,
597 1855 628 1903 et
641 1863 696 1922 per
711 1864 896 1923 consequens
912 1864 981 1904 cum
996 1851 1169 1903 statuerunt
1183 1843 1290 1920 ipsam,

88 1947 231 2026 sequitur,
265 1946 347 2025 quud
377 1946 436 2024 ipsi
459 1955 632 2006 statuerunt
652 1947 751 2026 ipsam
774 1967 813 2006 ex
835 1940 1045 2025 ignorancia⁹¹
1068 1965 1121 2005 seu
1145 1965 1183 2004 ex
1191 1939 1219 1977 ²²
1242 1945 1291 2006 de-

89 2050 165 2108 lectu
186 2050 284 2128 ipsius
307 2049 446 2109 sciencie.

55 2164 79 2210 15
167 2152 261 2213 Item:
279 2153 376 2212 omnis
391 2151 497 2230 religio
512 2172 574 2211 non
589 2152 693 2212 divina
708 2171 885 2230 presumens
899 2152 1013 2212 habere
1029 2172 1113 2230 opus,
1139 2150 1219 2229 quod
1235 2148 1290 2210 sol'

88 2254 221 2332 religioni
243 2255 346 2315 ditine
370 2265 416 2316 est
437 2255 603 2335 proprium,
628 2255 709 2333 sapit
736 2253 973 2333 blasphemiam
1007 2275 1076 2314 cum
1100 2273 1171 2331 ergo
1194 2253 1291 2312 omnis

87 2357 187 2436 religio
211 2358 334 2438 privata
357 2367 403 2418 est
424 2358 531 2436 religio
554 2378 615 2417 non
637 2357 742 2418 divina
764 2357 807 2418 sic
830 2377 1016 2437 presumens,
1041 2357 1185 2437 sequitur,
1210 2355 1291 2436 quod

87 2461 178 2521 omnis
209 2461 319 2538 religio
335 2460 457 2538 privata
479 2460 561 2540 sepit
584 2459 818 2539 blasphemiam,
852 2469 883 2520 et
904 2480 960 2539 per
982 2479 1169 2538 consequens
1193 2458 1290 2519 omnis

86 2562 256 2623 huiusmodi
279 2563 385 2640 religio
408 2573 455 2622 est
478 2561 649 2641 culpabilis.

52 2677 78 2722 eo
166 2665 261 2726 Patet
283 2666 503 2743 consequencia
526 2686 596 2726 cum
618 2665 733 2738 maiori,
757 2675 787 2724 et
809 2665 906 2724 minor
925 2659 1003 2726 sic⁹³
1018 2665 1168 2743 arguitur:
1193 2665 1289 2726 omnis

87 2767 188 2846 religio
211 2769 335 2848 privata
366 2779 411 2828 est
441 2769 547 2847 religio
578 2789 639 2828 non
669 2768 782 2840 divina,
814 2787 993 2847 presumens
1023 2787 1127 2846 regere
1159 2769 1289 2828 viatores

86 2871 223 2931 incultu
246 2871 349 2930 divino
381 2871 444 2931 sine
475 2872 611 2943 defectu;
644 2891 713 2932 cum
745 2891 816 2948 ergo
848 2870 891 2931 sic
922 2891 1026 2948 regere
1057 2871 1097 2932 sit
1126 2891 1202 2951 opus
1234 2870 1290 2930 soli

86 2973 223 3052 religioni
246 2973 349 3033 divine
371 2975 538 3053 proprium,
562 2974 697 3054 sequitur
719 2972 816 3032 minor
837 2973 1006 3052 probanda.

169 3075 263 3136 Patet
286 3077 507 3157 consequenoia
530 3097 599 3138 eum
622 3077 730 3136 minori
753 3085 784 3136 et
806 3077 902 3136 maior
923 3097 978 3154 per
997 3076 1064 3149 hoe,
1088 3077 1169 3156 quod
1194 3077 1291 3137 omnis

51 3179 190 3256 irreligio
213 3179 337 3258 privata
360 3189 405 3239 est
427 3178 533 3256 religio
556 3199 615 3239 non
638 3179 742 3239 divina
764 3178 956 3257 pretendens,
979 3199 1011 3239 se
1034 3199 1097 3240 esse
1112 3179 1289 3258 religionem

87 3283 148 3342 sine
170 3281 305 3353 defectu,
328 3283 456 3360 positam
478 3282 595 3360 precise
617 3282 649 3340 in
671 3301 708 3342 ea
730 3301 880 3354 mensura,
905 3302 965 3362 qua
984 3283 1116 3343 facilitat
1135 3281 1175 3342 ad
1190 3281 1290 3342 obser·

88 3386 226 3446 sauciam
250 3384 404 3462 religionis
426 3379 635 3445 communisss
656 3422 697 3429 —

170 3487 306 3566 Propter
331 3486 404 3548 istas
430 3489 566 3548 raciones
594 3498 625 3548 et
646 3487 723 3547 alias
744 3482 881 3565 plures⁹³
904 3487 1103 3548 adducendas
1125 3487 1289 3548 tenendum

88 3601 131 3649 est
162 3591 336 3669 oppositum
369 3589 449 3651 dicte
480 3590 641 3669 posicionis
671 3599 828 3670 tamquam
858 3590 934 3650 fides
965 3591 1117 3652 catholica
1143 3589 1193 3650 vel
1215 3601 1291 3650 tam·

51 3709 178 3770 utiquam
211 3693 325 3752 veritus
355 3692 383 3752 ei
414 3687 625 3772 propinqua,⁹⁶
656 3692 780 3764 scilicet,
812 3693 893 3772 quod
925 3693 1021 3754 omnis
1041 3693 1148 3770 religio
1170 3692 1291 3772 privata

88 3794 180 3855 habet
202 3795 336 3873 aliquem
360 3793 513 3855 defectum
537 3795 742 3867 essencialem,
766 3805 890 3874 propter
913 3816 1001 3874 quem
1025 3805 1071 3856 est
1092 3794 1264 3874 culpabilis.

155 3963 176 3992 ¹⁸
195 3964 230 4014 ad
242 3961 301 4032 Οαβ
336 3969 417 4013 ΜΔ
489 3961 509 3991 ¹⁹
527 3964 600 4030 relig.
611 3962 670 4034 Capi
704 3965 805 4030 legisA
882 3961 904 3992 ²⁰
921 3979 1025 4030 supera.
1040 3963 1099 4033 Capi
1138 3971 1292 4030 supnatura·

89 4049 145 4099 liter
155 4053 179 4100 A
193 4051 338 4114 (compend.
357 4052 422 4111 om.)
474 4047 495 4076 ²¹
513 4051 597 4116 ipsam
616 4065 648 4100 ex
661 4050 718 4115 ipsa
729 4051 842 4100 sciencia
857 4077 888 4086 —-
902 4066 934 4099 ex
952 4051 1178 4116 ignoranciaAOn
1208 4051 1292 4116 ipsam

89 4151 120 4184 ex
141 4137 195 4200 ign.
210 4135 242 4205 β.
260 4137 303 4185 but
323 4151 356 4185 ex
379 4135 435 4201 ipsa
452 4153 486 4185 ec.
503 4163 534 4171 -
548 4143 607 4186 stat.
626 4137 708 4200 ipsam
726 4139 785 4185 odd.
803 4137 869 4185 later
886 4138 912 4184 in
930 4153 991 4185 mor.
1010 4137 1040 4200 hy
1062 4133 1092 4205 β’
1190 4133 1212 4162 ²²
1230 4138 1295 4185 exO

123 4221 247 4291 σηιΑαβ
303 4217 326 4249 ²⁸
343 4221 454 4291 sicACp
489 4239 563 4272 orno
635 4218 657 4248 ²⁴
675 4221 873 4272 reluounAOa
910 4221 976 4287 legis
988 4223 1005 4281 (
1006 4223 1168 4283 underttned)
1180 4238 1292 4272 commu·

91 4309 128 4356 nis
144 4305 308 4378 religieulefl
372 4304 394 4334 ²⁶
411 4323 434 4358 a.
453 4325 477 4373 p.
490 4309 526 4358 Ca
563 4325 587 4373 p.
607 4304 687 4377 aAf]
738 4304 760 4334 ²⁶
777 4325 849 4374 prop.
860 4304 919 4376 Cupi
953 4309 1292 4374 contraria(ud.)prop.A
