3304 5134
360 529 421 588 750

360 695 502 746 Divisionis
527 710 608 745 causa
629 695 656 744 in
678 694 789 746 ecclesia
811 695 940 745 militante

362 860 392 871 -
413 832 524 882 ecclesie
541 830 702 882 sufficiencia
721 832 779 883 705.

361 917 473 951 -5555
491 901 517 949 15
540 900 641 951 5511515
663 899 726 951 11551
747 909 818 952 55515
840 901 941 951 faciunt

363 1066 396 1074 -
415 1045 486 1088 amat
504 1038 652 1088 anticristus
671 1039 728 1088 712.

362 1134 395 1143 -
414 1107 441 1155 15
460 1106 543 1156 tribus
554 1107 707 1173 theologicis
719 1107 858 1157 virtutibus
869 1112 940 1156 secte

397 1175 573 1225 1551551380.

362 1244 466 1293 Divitcs
475 1244 622 1309 percipiunt
634 1243 751 1294 fraudem
761 1245 869 1294 fratrum
882 1245 941 1294 254.

362 1312 422 1377 plus
451 1339 480 1348 -
508 1318 570 1362 sunt
604 1313 697 1362 fratres
726 1327 804 1378 quam
831 1312 942 1379 algares

398 1380 501 1445 spoliati
519 1383 577 1431 253.

363 1449 515 1499 Divorcium
532 1450 600 1500 inter
618 1449 729 1500 Cristum
753 1454 780 1499 et
805 1449 941 1500 ecclesiam

398 1517 455 1568 lieri
473 1519 565 1583 nequit
582 1520 640 1569 456.

363 1586 491 1653 Β1515551
517 1587 692 1653 ewangelium
714 1586 827 1652 pharisei
850 1586 943 1637 nolunt

364 1725 469 1773 Docent
487 1724 577 1789 fugam
594 1725 678 1775 sancti
696 1727 737 1774 55.

364 1792 576 1867 -55110515155,
600 1794 670 1860 quod
687 1793 812 1843 tributum
830 1792 863 1842 sit
880 1791 943 1840 dnn·

400 1860 462 1911 dum
480 1877 532 1910 non
550 1863 628 1912 Petro
645 1863 689 1912 rel
707 1877 775 1927 pape
793 1861 852 1911 278.

366 1930 511 1979 Doctorant
532 1931 697 1981 contencioae
723 1930 873 1980 laborantes
894 1929 943 1979 fra·

366 2067 492 2116 Doctores
510 2067 612 2133 antiqui
630 2069 671 2117 76.

367 2163 400 2171 -
418 2135 501 2184 sancti
518 2136 615 2200 priores
633 2137 674 2186 74.

368 2219 475 2252 —orum
486 2204 651 2269 antiquorum
657 2205 799 2255 catholicus
807 2205 945 2254 55555576.

368 2300 400 2308 -
420 2271 539 2338 decalogi
556 2273 583 2322 in
600 2273 699 2340 lingua
710 2273 792 2324 latina
804 2278 831 2323 et
842 2272 947 2338 anglica

369 2436 401 2445 —
420 2409 584 2473 experiencie
602 2411 643 2461 76.

367 2477 495 2527 Doctrina
512 2478 622 2528 salubris
640 2479 730 2546 generi
747 2479 861 2529 humano
879 2479 938 2530 208.

369 2545 496 2595 -Pauli
521 2547 611 2613 pocior
637 2563 716 2614 quam
745 2547 836 2614 regule
864 2551 947 2597 secta·

403 2630 461 2664 rum
479 2616 520 2666 21.

370 2710 401 2721 -
419 2698 467 2749 per
484 2685 614 2750 apostolos
631 2685 739 2736 inventa
757 2686 815 2736 267.

369 2780 401 2790 -
420 2753 540 2818 specialis
558 2755 591 2804 de
609 2754 733 2819 dyaconis
750 2755 809 2804 268.

369 2849 401 2856 -
421 2821 562 2887 spiritualis
579 2823 620 2873 21.

370 2905 464 2940 -nam
491 2891 643 2943 obediencie
665 2897 737 2943 secte
763 2906 816 2941 non
842 2896 948 2941 servant

368 3027 403 3077 ad
430 3054 462 3063 —
486 3028 597 3078 ecclesie
615 3027 713 3079 Oristus
734 3028 882 3079 necessaria
904 3043 948 3079 ex·

403 3095 533 3160 primebat
550 3097 608 3147 288.

369 3164 396 3214 15
415 3165 493 3214 -155
510 3165 624 3216 51151515
641 3171 693 3216 5151
710 3165 820 3216 51155515
837 3166 895 3216 266.

369 3233 556 3298 Dogmatiaant
573 3239 644 3284 55515
661 3234 766 3285 hereses
790 3235 866 3284 nimis
883 3233 948 3284 mul·

370 3369 503 3436 Dogmata
520 3383 589 3419 nova
600 3369 729 3420 seminata
740 3384 757 3421 a
768 3371 891 3422 fratribus
907 3373 948 3423 35.

371 3438 438 3487 -tis
455 3437 582 3488 anticristi
597 3437 706 3504 perfidie
723 3440 781 3490 398.

370 3506 426 3556 -ti
451 3506 602 3557 tradicionis
627 3506 741 3558 humane
767 3515 839 3559 55515
865 3509 949 3560 15155-

405 3574 546 3626 5551210.

370 3643 468 3695 Dolens
486 3644 611 3695 debemus
629 3644 752 3695 continue
772 3646 829 3696 124.

370 3713 453 3764 Dolor
469 3713 631 3764 mendicacio
648 3726 702 3763 non
719 3719 759 3764 est
777 3716 833 3766 189.

370 3782 458 3832 Ι)555
466 3782 509 3833 vel
519 3788 617 3833 tectum
626 3781 811 3848 interpretatur
819 3783 879 3852 Gog
891 3784 949 3835 396.

371 3850 544 3902 Domesticari
565 3866 619 3900 non
641 3859 751 3916 possunt
767 3852 873 3918 dyaboli
891 3853 949 3904 363.

371 3934 431 3969 555
444 3919 595 3970 Domicellis
612 3919 751 3970 iuvenibus
763 3921 883 3973 habitant
899 3921 949 3971 tra·

406 3989 644 4039 555155555555.

370 4054 527 4108 Ῑ)ο5155515
544 4056 642 4107 iniusta
658 4072 727 4124 5555
745 4059 803 4108 561.

373 4147 406 4160 -
432 4125 556 4176 secularis
585 4125 698 4176 maxime
727 4127 842 4192 pertinet
871 4125 952 4192 capiti

406 4199 478 4244 secte
495 4195 577 4260 prime
595 4194 654 4244 287.

372 4287 407 4298 -
424 4276 493 4328 pape
509 4263 536 4312 in
554 4261 652 4329 Anglia
669 4264 727 4314 685.

798 523 977 572 GENERAL
994 523 1124 572 INDEX.

993 694 1147 745 Dominacio
1164 693 1264 744 brachii
1275 693 1399 744 secularis
1412 692 1502 743 maior
1517 695 1558 742 531

993 791 1025 800 -
1045 761 1178 813 mundana
1195 778 1263 830 pape
1282 763 1339 814 682.

994 846 1112 950 -6581Ξ55
1144 847 1223 898 super
1252 832 1339 882 omnia
1367 829 1466 880 mundi
1496 845 1558 896 regns

994 996 1026 1005 -
1045 968 1207 1019 sacerdotum
1225 968 1297 1036 quod
1318 985 1371 1018 non
1389 968 1454 1034 plns
1472 968 1558 1018 155551

1028 1037 1116 1088 551115
1133 1037 1257 1088 credibile
1275 1043 1314 1088 est
1331 1038 1391 1088 278.

995 1133 1027 1142 -
1044 1107 1177 1169 superflua
1193 1107 1358 1157 sacerdotum
1377 1108 1439 1156 101.

994 1175 1129 1224 Dominari
1146 1176 1231 1226 clema
1248 1191 1301 1226 non
1319 1175 1400 1225 debet
1417 1176 1480 1226 245,

994 1243 1165 1294 Dominarum
1183 1244 1305 1295 cubicula
1322 1245 1364 1295 36.

996 1313 1095 1362 -5555
1112 1313 1228 1379 55551515
1254 1313 1362 1362 meliora
1382 1311 1560 1362 555555155-

1029 1387 1081 1430 tres
1102 1383 1143 1431 54.

996 1450 1121 1500 Dominia
1137 1449 1275 1516 disponere
1292 1449 1363 1516 regis
1379 1456 1422 1500 est
1441 1450 1499 1500 249.

997 1543 1028 1554 ·-
1047 1518 1126 1569 stulte
1144 1519 1241 1569 donata
1257 1534 1304 1570 rex
1324 1518 1492 1569 ordinacioni
1502 1516 1560 1567 erni

1029 1586 1139 1637 reddere
1156 1587 1235 1637 debet
1252 1588 1311 1638 249.

996 1681 1028 1690 -
1047 1656 1229 1722 temporalium
1246 1670 1315 1722 papa
1332 1655 1444 1706 affectat
1462 1657 1516 1706 591.

998 1750 1027 1760 -
1047 1725 1186 1774 transferre
1204 1724 1262 1775 247.

996 1817 1028 1828 -
1047 1791 1201 1843 mortificata
1211 1793 1246 1843 ad
1259 1809 1367 1844 manum
1384 1793 1477 1843 viram
1493 1790 1559 1842 redire

1030 1867 1139 1927 possunt
1156 1862 1214 1912 282.

996 1931 1416 2065 nttttttlttnttln
1427 1996 1559 2048 5555

997 2093 1030 2103 -
1057 2068 1184 2134 acquisito
1213 2067 1248 2118 55
1278 2083 1358 2118 manu
1389 2067 1497 2132 dyaboli
1521 2080 1560 2114 non

1032 2142 1133 2202 oportet
1154 2137 1283 2202 posterius
1312 2151 1424 2187 onerare
1451 2147 1560 2202 pauperes

1032 2204 1150 2272 pedagiis
1167 2206 1276 2256 insuetis
1293 2207 1352 2257 280.

999 2273 1105 2324 -nium
1123 2273 1231 2324 fratrum
1249 2275 1275 2324 in
1293 2274 1364 2325 clero
1382 2274 1426 2324 58.

1000 2366 1032 2378 -
1051 2342 1170 2393 manibus
1191 2343 1349 2394 secularium
1371 2348 1413 2392 est
1431 2340 1558 2392 restitutura

999 2505 1032 2514 -
1049 2493 1118 2545 pape
1136 2495 1153 2529 a
1170 2495 1259 2531 cesare
1276 2485 1415 2545 acceptum
1438 2482 1491 2531 195.

999 2573 1032 2585 -
1049 2548 1249 2614 proprietarium
1260 2563 1326 2614 pure
1337 2549 1521 2615 euangelicum
1534 2543 1557 2592 dt

1034 2616 1150 2682 quolibet
1161 2616 1275 2667 dominio
1288 2617 1402 2668 seculari
1419 2623 1502 2684 potest
1516 2611 1557 2664 beri
1617 2655 1618 2662 ,

1034 2687 1092 2736 498.

1000 2779 1033 2790 -
1045 2753 1163 2804 seculare
1175 2759 1265 2804 contra
1277 2753 1472 2806 ordinacionem
1480 2749 1556 2802 55551
1617 2761 1618 2764 ’

1035 2829 1074 2872 551
1091 2822 1217 2872 15155155
1235 2823 1294 2872 243.

1001 2917 1031 2926 -
1051 2891 1169 2942 seculare
1181 2891 1279 2941 Oristus
1297 2893 1408 2958 negavit
1425 2893 1477 2943 suis
1492 2901 1556 2939 sacer·

1035 2959 1138 3011 dotibus
1155 2962 1214 3012 686.

1000 3053 1033 3063 -
1051 3028 1169 3079 seculare
1186 3029 1261 3079 Iesus
1278 3030 1401 3080 sustinuit
1419 3031 1476 3081 aas.

1000 3123 1033 3132 —
1051 3097 1168 3148 seculare
1186 3096 1297 3148 dominia
1318 3098 1480 3148 secularibus
1497 3091 1556 3143 debet

1033 3165 1164 3230 pertinere
1181 3165 1240 3217 243.

1000 3259 1033 3271 -
1051 3235 1210 3300 superfluum
1232 3235 1302 3286 clero
1320 3234 1511 3286 infimdabilitsr
1524 3241 1555 3278 tu·

1034 3302 1237 3354 5515155419.

1000 3397 1032 3408 -
1052 3371 1200 3422 universale
1219 3371 1296 3423 Oristi
1314 3373 1372 3425 614.

1001 3465 1033 3476 -
1051 3439 1201 3491 universale
1218 3455 1287 3506 pape
1306 3441 1365 3492 557.

1001 3508 1071 3557 -nii
1087 3515 1163 3574 pater
1179 3509 1313 3574 putativus
1330 3509 1389 3561 458.

999 3577 1127 3627 Dominus
1148 3583 1225 3628 55515
1251 3585 1341 3629 contra
1367 3583 1454 3628 sectas
1475 3573 1555 3624 loeutus

1035 3648 1132 3697 55115.

1001 3741 1033 3750 -
1052 3715 1171 3781 capitalis
1189 3714 1253 3766 dens
1273 3716 1331 3766 138.

1002 3810 1033 3819 -
1051 3783 1215 3834 dominorum
1232 3790 1273 3834 est
1290 3783 1356 3834 deus
1373 3783 1431 3834 249.

1002 3877 1035 3888 -
1051 3851 1217 3918 parvipendit
1233 3853 1311 3920 signa
1327 3852 1460 3903 sensibilia
1479 3847 1525 3898 30⁰·

1002 3947 1034 3956 —
1053 3921 1215 3972 exercituum
1233 3921 1298 3972 dens
1315 3927 1425 3972 vocatur
1442 3919 1493 3970 323.
1541 3978 1545 3988 Ι

1002 4018 1034 4029 -
1054 3990 1204 4056 temporalis
1234 3989 1374 4040 offenditur
1403 4004 1437 4039 er
1466 3995 1552 4054 51555

1036 4059 1127 4108 caucia
1144 4059 1210 4108 sacri
1228 4059 1269 4108 sui
1286 4059 1345 4109 284.

1002 4152 1035 4162 -
1052 4127 1177 4178 secularis
1199 4127 1336 4178 licenciam
1357 4125 1479 4176 anticristi
1493 4119 1552 4170 habet

1003 4290 1036 4299 —
1053 4264 1195 4314 imitandus
1213 4269 1252 4315 est
1268 4278 1316 4330 per
1333 4259 1509 4314 (1515155326.
