3304 5134
66 603 121 648 cap.
145 581 199 650 VI]
258 585 313 634 Da
329 585 641 636 COll'TBARIETATE
657 588 822 638 De'oat'sr
837 589 1079 639 Douls'oatm.
1203 597 1263 654 705

66 759 143 819 tales
166 758 286 818 ordines
307 770 522 837 peecaverunt,
546 758 596 820 vel
620 759 701 841 quod
723 761 781 822 iste
803 771 885 823 secte
908 761 948 822 ab
970 762 1166 823 institucione
1188 783 1265 843 pura

66 861 188 932 domini,
213 881 304 940 quam
322 861 443 940 patroni
459 861 635 935 docuerant,
659 864 818 942 paulative
833 863 1001 926 secundum
1017 865 1098 944 quod
1114 865 1265 944 dyabolus

65 985 116 1024 eos
138 964 347 1042 instigaverat,
371 975 559 1026 erraverunt.

150 1066 237 1126 Doce
260 1075 305 1138 tu,
339 1067 364 1126 si
386 1067 523 1140 sciveris,
553 1068 635 1148 quod
662 1069 713 1128 isti
735 1071 856 1148 patroni
883 1071 915 1131 in
937 1071 996 1131 isto
1024 1071 1120 1132 secuti
1143 1072 1266 1133 fuerant

40 1169 221 1228 edominum
243 1167 346 1229 Iessuu
369 1167 516 1243 Cristum‚
550 1181 580 1232 et
607 1171 715 1232 docere
741 1181 829 1251 potes
852 1173 984 1234 faciliter
1006 1174 1062 1234 hoc
1082 1174 1263 1248 secundum

63 1293 119 1332 uec
142 1272 278 1351 sequitur
300 1272 398 1334 maius
420 1273 647 1346 inconveniens,
672 1274 753 1353 quod
775 1274 824 1334 isti
844 1277 965 1354 patroni
988 1276 1087 1354 ignari
1110 1285 1140 1336 et
1161 1276 1265 1338 stolidi

63 1383 256 1446 erraverunt,
289 1395 382 1455 quam
413 1375 495 1455 quod
516 1375 626 1436 Petrus
658 1387 688 1438 et
714 1378 807 1437 ceteri
835 1378 965 1456 apostoli
992 1399 1012 1438 a
1030 1379 1139 1440 maiori
1160 1381 1265 1458 gracia

64 1477 248 1538 ceciderrmt.

148 1578 242 1642 Unde
263 1579 394 1652 videtur,
418 1581 500 1660 quod
522 1602 582 1642 non
605 1583 645 1643 sit
666 1583 770 1660 pocior
792 1583 964 1658 evidencia,
994 1585 1076 1664 quod
1101 1584 1160 1646 iste
1181 1597 1264 1646 seete

27 1695 54 1737 ro
64 1684 92 1741 in
114 1683 280 1744 sanctitate
302 1697 448 1762 superant
470 1695 585 1746 sectam
608 1663 709 1756 Crisli,
733 1685 791 1745 nisi
813 1687 885 1766 quia
911 1687 943 1746 in
969 1686 1114 1764 largitate
1140 1687 1264 1749 habitus

63 1786 209 1864 ypocrisis
233 1795 279 1846 est
301 1786 411 1846 celata.

145 1889 191 1949 Et
213 1889 255 1949 sic
279 1888 429 1968 dyabolus
452 1910 506 1968 per
527 1890 583 1950 has
606 1901 705 1950 sectas
722 1891 860 1952 novellas
884 1912 1029 1970 personas
1051 1892 1083 1952 in
1105 1891 1166 1952 illis
1189 1892 1263 1953 obli·

61 2001 148 2068 gatas
171 1992 213 2052 ad
235 2000 352 2053 tartara
374 1991 580 2054 insensibilius
610 2004 641 2053 et
668 1992 852 2054 cautelosius
878 1993 1054 2055 introducit.
1099 1993 1192 2056 Unde
1220 1994 1263 2054 in·

61 2095 144 2155 clusa
168 2094 284 2154 heresis
306 2095 337 2155 in
360 2097 426 2156 istis
447 2095 646 2174 religionibus
669 2116 708 2156 ex
730 2097 912 2157 necessitate
939 2095 1061 2158 malicie
1089 2118 1263 2177 prorumpe·

26 2196 119 2267 rabat,
143 2197 270 2278 quando
292 2199 565 2276 magnificaverant
587 2200 661 2260 istas
685 2211 784 2260 sectas
806 2219 899 2278 supra
921 2211 1035 2260 sectam
1059 2199 1174 2260 domini
1192 2200 1264 2261 Iesu

61 2299 163 2373 Cristi,
198 2321 234 2360 ae
257 2301 283 2360 si
304 2300 479 2372 innuerent,
513 2301 593 2380 quod
615 2301 669 2361 ille
690 2311 837 2380 patronus
859 2301 953 2363 luerit
974 2302 1116 2376 stolidus,
1140 2303 1194 2364 sed
1217 2304 1264 2365 sui

61 2404 189 2481 patroni,
213 2403 287 2462 licet
308 2403 442 2482 ydiotici‚
465 2404 497 2464 in
519 2404 577 2464 hoe
600 2405 722 2464 fueraut
744 2405 834 2482 periti
856 2413 887 2465 et
908 2406 1016 2465 sancti.

142 2505 197 2566 Ex
219 2505 334 2566 talibus
357 2505 464 2566 mediis
491 2506 540 2567 hio
563 2505 699 2566 breviter
720 2506 882 2568 inculcatis
909 2517 1010 2585 potest
1032 2508 1130 2569 fidelis
1153 2529 1263 2588 capere

61 2609 252 2670 evidenciam
280 2609 320 2669 ad
342 2609 601 2686 magnificandum
624 2619 739 2670 sectam
762 2608 863 2682 Cristi,
894 2611 933 2671 ad
956 2631 1048 2690 quam
1071 2611 1261 2672 evidenciam

23 2725 162 2772 ruomues
196 2711 410 2790 nigromantici
441 2712 581 2772 nesciunt
612 2711 804 2790 respondere.
850 2710 966 2772 Fidelis
994 2733 1065 2791 ergo
1093 2734 1133 2774 ex
1159 2734 1263 2774 amore

61 2815 98 2874 ad
120 2814 257 2876 Cristum
279 2814 367 2875 iuxta
394 2815 483 2874 fidem
511 2814 694 2875 catholicam
712 2823 723 2884 ΙΙ
740 2815 838 2894 ipsum
867 2815 1028 2876 extolleret
1055 2837 1148 2895 supra
1171 2817 1262 2895 ipsos.

582 3055 667 3114 CAP.
699 3055 746 3114 VI.

142 3226 254 3288 Restat
275 3226 380 3286 videre
402 3225 539 3286 obiectus
558 3225 716 3305 quosdam,
740 3246 820 3306 quos,
840 3226 935 3286 frater
950 3225 1074 3305 quidam
1090 3227 1262 3306 nigroman-

60 3329 134 3390 ticus
156 3329 235 3390 facit
257 3339 364 3390 contra
385 3339 446 3389 tres
467 3339 570 3407 partes
594 3328 722 3388 ecclesie
744 3328 913 3402 militantis,
939 3328 1057 3390 scilicet
1072 3328 1260 3405 clericorum,

59 3432 242 3492 secularium
265 3431 456 3492 dominorum
479 3441 510 3492 et
531 3431 690 3510 wlgarium
713 3431 934 3491 laborantum.“

22 3550 50 3596 us
141 3534 274 3606 Divisio,
306 3534 419 3614 inquit,
451 3535 510 3595 ista
534 3544 580 3596 est
601 3533 801 3606 insufficiens,
835 3555 904 3594 oum
930 3533 1043 3595 lemine
1066 3545 1137 3596 sunt
1159 3545 1262 3614 partes

60 3637 187 3698 ecclesie
211 3647 241 3698 et
263 3638 329 3717 ipse
350 3657 412 3698 uon
435 3647 506 3698 sunt
527 3637 632 3717 alique
654 3636 781 3696 istarum
804 3636 895 3696 trium
918 3637 1065 3714 parcium.
1091 3674 1133 3683 -

143 3739 208 3800 Sed
223 3739 272 3800 hio
288 3761 425 3819 suppono
441 3740 511 3801 huic
527 3739 749 3818 nigromantico
769 3739 859 3798 fidem
877 3739 1026 3818 scripture
1042 3749 1073 3799 et
1088 3741 1153 3801 eius
1168 3750 1261 3801 meta·

60 3843 227 3921 physicam,
241 3862 299 3922 que
314 3843 345 3902 in
361 3842 531 3904 subtilitate
547 3853 578 3903 et
593 3841 726 3902 utilitate
742 3851 788 3901 est
803 3861 896 3920 supra
910 3861 997 3902 suam
1009 3841 1260 3920 nigromanciam.

59 3943 99 4006 Et
119 3955 196 4006 tunc
219 3944 353 4006 concedo
375 3944 594 4007 sufficieuciam
616 3942 774 4004 divisionis
794 3943 931 4020 predicte
946 3943 1075 4005 ecclesie
1089 3944 1260 4018 militantis,

21 4059 88 4110 :lost
110 4047 247 4109 concedo
269 4045 327 4108 sibi
349 4047 485 4120 ulterius,
510 4047 591 4128 quod
613 4046 726 4106 femine
748 4053 820 4105 suut
840 4056 944 4125 partes
967 4046 1102 4107 eiusdem
1123 4047 1260 4120 ecclesie,

59 4151 138 4230 quod
160 4150 265 4212 nescio
293 4150 343 4211 vel
371 4149 576 4229 perfunctorio
607 4147 738 4208 fundare
769 4147 807 4208 de
830 4147 988 4222 fratribus,
1021 4169 1091 4228 ymo
1123 4150 1148 4210 si
1176 4150 1263 4210 novit

62 4287 402 4296 —--————-

276 4356 351 4404 OAP.
376 4355 421 4404 ΓΙ.
457 4359 468 4382 ⁰
493 4355 559 4403 With
576 4356 624 4418 ref.
644 4359 669 4402 to
687 4353 743 4407 tau,
761 4368 799 4415 cp.
817 4352 890 4402 atoee
904 4369 931 4414 p.
950 4358 1000 4402 654

111 4455 191 4504 Wiclr's,
206 4455 322 4496 Polenical
338 4455 418 4496 uorat.
1013 4439 1046 4488 45
