3242 5138
116 583 171 628 cap.
191 563 239 631 ΙΙ]
457 571 510 619 ΒΕ
526 571 740 620 RELIGIONE
755 571 916 620 Pulvere
935 570 977 618 11.
1255 571 1316 630 5⁸29

117 739 197 799 Nam
220 726 303 800 'tunc
334 739 509 802 licenciaret
540 763 593 802 nos
616 743 656 804 ad
679 743 778 805 carnis
801 743 1007 823 petulancie-m
1015 737 1042 774 ¹³
1065 740 1316 821 qualemcunque,

116 842 156 902 ad
188 841 428 904 inobedienciam
460 847 570 906 nestris
601 843 801 928 prepositis‚¹¹
833 857 888 906 aut
918 847 957 906 ad
988 844 1202 924 temporalium
1235 845 1317 924 cupi-

115 946 218 1005 dinem
256 944 505 1026 ampliandum.¹⁵
564 949 606 1010 Et
641 959 712 1010 tunc
751 951 872 1010 ornnino
907 948 1088 1008 secularium
1123 949 1202 1008 foret
1238 968 1318 1009 vana

113 1049 232 1126 religio,

87 1165 103 1208 o
203 1152 266 1213 Sed
288 1173 348 1212 non
371 1155 530 1216 credamus
552 1156 654 1217 taliter
675 1157 827 1228 solidato,
851 1157 905 1216 sed
927 1155 1103 1216 observetur
1125 1154 1232 1230 regula
1252 1153 1318 1213 reli-

114 1256 214 1330 gionis
236 1265 345 1328 nostre,
369 1278 460 1338 quam
483 1259 631 1320 habemus
653 1261 684 1320 in
710 1260 876 1338 ewangelio
893 1267 904 1329 ΙΙ
921 1269 1136 1338 expressatam.
1182 1259 1214 1317 ei
1238 1258 1317 1316 cnim

114 1357 263 1418 debemus
294 1359 455 1422 observare
486 1363 544 1423 istu
575 1364 710 1436 consilia,
743 1371 815 1424 tunc
847 1363 922 1424 deus
945 1362 1062 1438 obligat
1083 1383 1137 1421 nos
1159 1361 1215 1422 sub
1238 1383 1319 1442 pena

113 1462 285 1523 amissionis
308 1465 415 1543 premii
438 1467 476 1526 ad
500 1467 558 1526 iste
581 1467 708 1526 consilia
729 1461 995 1538 observandum,¹⁶'
1017 1476 1048 1526 ct
1063 1486 1117 1545 per
1132 1486 1318 1546 consequens

113 1587 176 1626 uon
199 1565 333 1628 debete
355 1569 543 1630 secularibus
567 1569 614 1630 vel
638 1569 813 1645 religionem
837 1591 1027 1630 cornmunern
1052 1568 1142 1629 Oristi
1158 1568 1318 1629 observan-

71 1683 102 1723 w
114 1670 199 1730 tibus
222 1670 345 1730 excludi
368 1670 566 1733 observancia
588 1673 674 1733 istius
697 1672 823 1752 triplicis
846 1672 961 1732 consilii
985 1673 1128 1732 cristiani.

203 1773 247 1833 Et
276 1785 422 1854 quantum
455 1776 495 1836 ad
527 1776 692 1837 secundam
725 1776 980 1855 descripcionem⁶
1012 1784 1106 1854 petet,
1139 1775 1219 1854 quod
1250 1775 1318 1854 ipsa

113 1878 201 1955 (rapit
232 1876 442 1956 multipliciter
473 1876 719 1959 calumpniam.¹⁷
765 1880 798 1940 si
830 1879 909 1938 eninr
942 1879 1062 1957 privato
1089 1877 1195 1954 religio
1218 1898 1319 1938 essen-

114 1979 236 2040 cialiter
258 1980 375 2058 obligat
397 2002 580 2062 quemquam
604 1983 644 2042 ad
667 1983 813 2043 mandute
835 1993 926 2062 atque
949 1981 1084 2052 consilia,
1117 1990 1190 2040 tunc
1213 1991 1258 2042 cst
1280 1981 1319 2041 de

113 2083 253 2144 essencia
275 2084 357 2146 illius
379 2085 542 2162 religionis,
575 2087 657 2166 quod
688 2087 786 2164 ipsum
809 2084 925 2163 obliget
952 2085 991 2144 ud
1019 2085 1157 2144 eandem.
1200 2085 1243 2146 Et
1265 2107 1320 2164 per

69 2197 102 2240 1⁵
117 2199 496 2268 consequens-repugnat,
529 2190 610 2270 quod
641 2189 710 2249 talis
733 2189 838 2264 religio
860 2199 997 2249 servetur
1019 2189 1050 2248 in
1073 2189 1230 2260 monacho,
1263 2189 1318 2248 nisi

113 2291 216 2370 ipsum
239 2291 354 2368 obliget
376 2293 416 2352 ad
438 2291 668 2352 observanciem
683 2292 818 2365 launum,
842 2301 873 2352 et
888 2313 942 2371 per
956 2313 1151 2372 consequens,
1175 2292 1319 2372 quociens

114 2404 146 2452 et
169 2395 315 2472 quamdiu
338 2395 505 2456 monachus
519 2396 729 2474 prevaricator
744 2396 793 2456 vel
808 2395 911 2456 deficit
926 2395 965 2455 ab
981 2393 1179 2455 observancia
1194 2395 1318 2454 istorum

115 2497 208 2556 trium
241 2497 444 2573 consiliorum,
476 2499 628 2579 expiravit
658 2519 714 2558 sua
744 2498 859 2576 religio,
892 2510 922 2559 ct
953 2507 1026 2558 tunc
1057 2518 1161 2558 omnes
1188 2497 1319 2574 religiosi

116 2600 230 2679 privati
252 2599 352 2661 forent
374 2602 513 2680 apostati.

64 2715 103 2756 ’Μ
204 2703 275 2778 Qui,
308 2725 391 2782 rogo,
423 2715 494 2766 sunt
524 2706 562 2765 dc
592 2705 654 2766 illis
685 2701 920 2782 religionibus,¹⁸
952 2706 1004 2785 qui
1034 2725 1095 2764 uon
1123 2704 1320 2764 declinante

116 2807 270 2868 nrandatis
301 2806 414 2868 domini
447 2809 495 2868 vel
526 2830 587 2868 non
618 2809 763 2869 deficiunt
794 2808 834 2869 ab
861 2809 1059 2868 observancia
1084 2809 1170 2868 istius
1194 2807 1320 2887 triplicis

114 2911 235 2970 consilii
258 2911 409 2972 cristiani?

204 3012 413 3086 Conciderant,
429 3015 562 3095 inquam,
579 3015 660 3095 quod
674 3015 761 3074 iuxta
775 3015 857 3074 istud
872 3023 1056 3094 sequeretur,
1073 3014 1154 3094 quod
1169 3021 1321 3093 repugnat

115 3117 266 3177 inonacho
288 3117 441 3188 fornicari,
468 3118 518 3178 vel
546 3118 627 3197 quod
654 3119 693 3178 sit
717 3117 894 3178 inobediens
922 3138 976 3178 suo
998 3118 1160 3196 preposito,
1184 3115 1264 3197 quod
1280 3115 1320 3175 ad

64 3221 258 3280 rainiariam
290 3219 416 3280 ecclesie
443 3220 617 3280 accumulet
628 3217 654 3252 ¹⁹
676 3220 732 3281 sibi
756 3221 890 3281 dominia
911 3221 975 3280 sive
999 3221 1134 3294 divicias,
1168 3220 1216 3280 vel
1240 3218 1320 3299 quod

116 3335 232 3404 peccet,
266 3331 297 3382 et
328 3333 399 3383 tunc
429 3319 589 3384 indubie²⁰
612 3344 671 3382 non
703 3325 782 3384 foret
812 3323 915 3403 aliqua
938 3325 1058 3402 privata
1081 3324 1194 3402 religio.
1240 3323 1320 3382 Nam

114 3427 140 3486 si
164 3437 218 3498 est,
243 3437 316 3486 tunc
338 3427 370 3486 in
392 3426 527 3487 subiecto
555 3427 656 3506 aliquo
685 3427 872 3489 observetur.
918 3427 961 3487 llt
983 3449 1038 3506 per·
1060 3447 1246 3506 consequens
1269 3426 1320 3484 de-

114 3529 256 3609 scripcic,
289 3525 382 3608 qua²¹
414 3531 496 3610 pn'or
527 3513 597 3590 esse
621 3530 775 3609 religionis
802 3530 872 3591 talis
894 3531 1031 3590 ecclesia.
1081 3529 1176 3589 Nulla
1199 3529 1320 3609 quidem

116 3633 223 3712 religio
256 3632 460 3692 essenciuliter
482 3633 599 3712 obligat
621 3633 660 3694 ed
683 3633 773 3706 illud,
805 3634 886 3714 quod
909 3655 968 3692 non
992 3641 1092 3714 potest
1114 3654 1187 3692 csse.
1234 3631 1320 3690 Sicut

333 3842 397 3900 ὀρ.
416 3838 489 3887 alone
506 3856 561 3902 cap.
581 3838 617 3886 ΙΙ
629 3855 656 3901 p.
675 3842 724 3888 597

187 4007 209 4036 ¹³
221 4010 326 4075 petala
355 4009 586 4075 peculancisrnOD
634 4007 655 4036 ¹⁴
668 4012 791 4075 prep.CD
820 4012 927 4076 prelatis
936 4013 953 4072 (
954 4029 988 4060 cr.
998 4013 1057 4072 cat)
1068 4026 1198 4076 propono
1236 4005 1320 4058 '‘arn-

116 4097 252 4162 pliandum
265 4098 311 4144 OD
355 4096 546 4162 amplicandam
560 4117 577 4147 α
655 4093 675 4124 ¹⁶
693 4099 719 4145 ia
734 4099 757 4145 D
776 4099 797 4145 ia
814 4099 873 4148 add.
891 4099 918 4146 ia
928 4115 1004 4146 mon.-
1031 4096 1166 4158 Quomodo
1184 4095 1320 4144 cristianus

117 4191 156 4233 est
174 4183 306 4249 obligatus
324 4183 357 4232 erl
376 4182 566 4232 observandum
584 4183 692 4232 consilio
704 4180 739 4231 l)¹
807 4181 827 4211 ¹⁷
845 4186 871 4232 in
890 4185 916 4232 D
933 4187 954 4233 ic
972 4185 1031 4233 add.
1049 4184 1075 4230 in
1092 4199 1169 4232 mare
1188 4181 1321 4246 improbet

116 4269 258 4319 secundam
271 4268 476 4334 descripsissem
488 4267 523 4317 l)¹
585 4267 605 4296 ¹⁸
623 4269 668 4319 rel.
681 4271 726 4318 01)
755 4269 1018 4335 regio(cr.oat)rel.
1033 4289 1050 4319 o
1105 4265 1126 4295 ¹⁹
1138 4268 1285 4317 accumulet
1298 4269 1321 4314 D

152 4356 320 4406 accumulent
331 4357 367 4406 Cn
438 4351 460 4382 ⁹⁰
479 4355 579 4406 inusta
617 4356 908 4417 non(cr.oet)lnd.D
977 4353 998 4382 ²¹
1017 4371 1096 4420 qnae
1133 4355 1240 4419 qneCD

172 4456 379 4506 warimbertum
396 4455 476 4496 Wcrlts.
1074 4443 1106 4488 34
