3304 5134
82 637 144 683 cap.
169 616 223 686 VJ]
283 620 338 668 DE
354 619 665 668 concessimus
680 619 845 668 DUORUM
861 617 1104 667 DOMINORUM.
1227 624 1287 682 707

81 813 146 872 que
170 802 217 853 est
238 811 347 870 corpus
369 792 443 853 eius.
481 792 531 852 Ex
546 813 606 873 quo
621 792 725 871 palam
741 793 885 871 sequitur,
910 790 991 870 quod
1010 801 1071 851 tres
1086 786 1193 852 tercie*
1212 791 1288 851 mili·

81 896 182 955 tantis
204 895 333 955 ecclesie
355 903 427 955 sunt
448 895 545 955 eciam
568 895 690 974 singula
704 915 800 954 unum
816 913 925 973 corpus
947 903 978 954 et
993 893 1074 954 ultra
1090 903 1183 973 patet,
1208 894 1288 973 quod

81 997 224 1077 quelibet
244 996 367 1058 illarum
390 998 528 1076 parcium
551 1007 598 1060 est
612 998 779 1059 secundum
795 1006 913 1076 partem
932 997 1101 1074 digniorem
1123 996 1287 1068 masculus,

81 1100 225 1172 clericus,
241 1099 388 1161 secularis
404 1101 544 1162 dominus
559 1101 609 1162 vel
626 1102 791 1180 operarius.
825 1100 868 1160 Et
882 1120 937 1179 per
951 1120 1140 1179 consequens
1155 1099 1213 1161 iste
1227 1109 1288 1160 tres

54 1211 191 1280 spartes
213 1202 342 1264 ecclesie
362 1213 433 1264 sunt
455 1203 540 1278 tales,
564 1203 670 1283 quales
692 1204 724 1263 in
746 1203 895 1283 principio
918 1211 989 1262 sunt
1003 1202 1163 1280 descripte.
1202 1201 1290 1262 Siout

81 1305 168 1364 enim
176 1304 307 1384 Ethiops
318 1315 364 1366 est
373 1305 462 1367 albus
472 1306 640 1367 secundum
650 1306 766 1380 dentes,
782 1307 826 1367 sic
840 1306 950 1367 fratres
963 1313 1034 1365 sunt
1048 1304 1173 1364 heretici
1183 1325 1288 1365 secun·

81 1408 160 1468 dum
184 1417 286 1486 partes
308 1409 471 1487 prescitae,
499 1408 643 1470 liberales
670 1410 818 1470 scienciae
842 1409 1027 1487 ignorantes.
1071 1407 1184 1468 Adhuc
1207 1408 1287 1468 enim

80 1511 138 1570 alii
162 1511 288 1572 heretici
316 1532 379 1572 non
406 1512 589 1590 impugnant
615 1512 847 1590 grammaticam
869 1510 940 1572 fidei
962 1511 1125 1589 scripture,
1157 1510 1211 1570 sed
1233 1509 1289 1571 illa

80 1613 244 1691 supposita
266 1614 438 1674 ascendunt
468 1613 508 1674 ad
539 1614 670 1693 logicam
692 1615 959 1694 nigromanticam,
992 1614 1050 1673 hoc
1079 1622 1125 1673 est
1151 1612 1288 1691 dyaboli·

37 1731 165 1789 rocam,
190 1716 297 1794 ipsam,
322 1727 356 1776 ut
378 1727 497 1796 putant,
522 1716 655 1778 heretice
677 1717 896 1797 impugnando.
928 1716 994 1777 Nec
1009 1716 1072 1776 vidi
1096 1723 1214 1776 textum
1236 1716 1287 1777 vel

78 1819 240 1879 racionem
262 1839 317 1898 pro
339 1819 398 1879 ista
417 1819 577 1881 demencia
593 1820 759 1882 coloranda
782 1822 840 1881 nisi
854 1820 944 1880 istam
960 1817 1156 1879 Decretalem
1180 1820 1288 1880 ‘omnis

78 1923 242 2002 utriusque
264 1917 398 1995 sexus'¹‘‚
431 1922 484 1983 ubi
506 1923 628 1984 videtur
649 1944 762 2002 papam
785 1923 897 1983 debere
924 1921 1007 2003 loqui
1030 1921 1225 1982 conformiter
1247 1923 1287 1983 ad

77 2025 277 2103 scripturam,
301 2025 383 2104 quod
406 2027 503 2087 omnis
526 2027 627 2087 viator
649 2025 742 2087 debet
763 2025 857 2086 semel
879 2025 912 2086 in
935 2046 1016 2086 anno
1034 2025 1137 2086 omnia
1158 2033 1287 2104 peccata

77 2148 137 2188 sua
160 2126 314 2188 sacerdoti
345 2129 467 2206 proprio
495 2130 645 2202 confiteri,
678 2130 736 2190 nisi
767 2128 859 2202 sorte,
892 2128 965 2208 quia
994 2127 1094 2189 voluit
1125 2137 1286 2208 utrumque

36 2242 66 2286 15
77 2251 192 2290 sexum
215 2229 247 2289 in
269 2229 329 2289 ista
352 2229 499 2292 decretali
515 2241 579 2293 tam
594 2232 768 2300 necessaria
782 2231 975 2310 expressisse.
1008 2231 1070 2292 Sed
1085 2229 1287 2310 grama(t)ici³

77 2353 152 2392 cum
185 2332 337 2393 adiutorio
366 2332 535 2411 logicorum
564 2335 747 2414 impugnant
774 2334 854 2394 hanc
883 2333 992 2412 legem,
1018 2334 1166 2407 dieentes,
1205 2335 1286 2414 quod

77 2435 184 2495 solum
206 2455 262 2513 pro
285 2435 603 2515 (t)erm(apt)rodisis⁴
626 2437 664 2498 de
685 2437 799 2498 virtme
820 2435 964 2498 vocabuli
987 2437 1046 2496 fuit
1066 2436 1159 2498 facta.

168 2536 212 2598 Et
227 2557 282 2616 per
296 2537 352 2599 hec
368 2547 455 2617 patet
468 2540 624 2618 responsio
640 2540 680 2601 ad
695 2539 860 2600 secundam
877 2540 1042 2616 arguciam,
1066 2560 1127 2619 qua
1148 2540 1286 2618 arguitur

76 2639 244 2699 divisionis
274 2640 496 2702 insufficiencia
519 2661 558 2702 ex
579 2641 647 2714 hoc,
671 2642 753 2723 quod
774 2642 908 2702 infantes
930 2640 1078 2720 baptizati
1100 2641 1285 2726 inproximo
1322 2635 1327 2642 ’

30 2755 65 2800 ao
76 2741 221 2802 morituri
244 2762 306 2803 non
328 2752 399 2804 sunt
421 2743 459 2804 de
482 2744 586 2824 aliqua
601 2754 688 2823 parte
703 2744 832 2806 ecclesie
848 2745 1020 2816 nominata,
1045 2753 1193 2804 ettamen
1215 2755 1287 2804 sunt

76 2844 222 2905 membra
250 2845 387 2919 ecclesie,
420 2867 489 2908 aum
518 2847 580 2907 sint
605 2847 818 2926 predestinati,
851 2867 923 2926 ergo
955 2847 1063 2908 divisio
1089 2847 1284 2926 incompleta.

169 2946 214 3007 Et
235 2948 314 3008 forte
335 2949 431 3010 frater
456 2950 531 3010 fecit
558 2951 648 3010 istam
677 2950 847 3028 arguciam,
880 2951 951 3030 quia
977 2950 1080 3010 nullus
1102 2970 1205 3010 eorum
1229 2950 1286 3010 scit

76 3051 224 3124 fundare,
249 3051 331 3131 quod
352 3051 411 3130 ipsi
433 3063 505 3113 sunt
527 3053 631 3133 aliqua
645 3074 716 3132 pars
732 3053 860 3114 ecclesie
875 3053 1043 3114 militantis.
1074 3052 1167 3114 Tales
1182 3062 1285 3113 autem

85 3153 235 3225 infantes,
258 3174 328 3214 cum
351 3155 412 3215 sint
432 3155 640 3233 predestinati,
664 3167 735 3216 aunt
757 3155 849 3218 Cristi
870 3156 982 3216 milites
1010 3177 1046 3217 ac
1069 3157 1166 3218 eciam
1189 3176 1286 3217 sacer·

28 3270 64 3315 95
77 3257 170 3316 dotes
194 3265 225 3316 et
246 3257 400 3318 meritorie
427 3257 615 3320 laborantes:
649 3259 800 3339 quomodo
832 3279 903 3337 ergo
935 3279 996 3319 non
1027 3267 1099 3320 suut
1128 3259 1160 3318 in
1182 3259 1286 3339 aliqua

78 3369 171 3438 parte
187 3358 316 3420 ecclesie
331 3361 502 3434 nominata,
528 3381 599 3421 cum
614 3363 807 3423 extendendo
830 3362 992 3422 terminum
1008 3371 1080 3422 sunt
1100 3362 1132 3421 in
1149 3361 1286 3442 qualibet

77 3463 173 3521 trium
198 3461 335 3538 parcium
359 3463 487 3524 ecclesie
508 3465 702 3543 supradicta?
733 3464 799 3526 Nec
822 3475 868 3524 est
890 3465 1117 3539 inconveniens,
1140 3465 1194 3526 sed
1216 3485 1285 3525 con-

77 3585 201 3636 sonum,
226 3565 307 3644 quod
330 3565 412 3626 dicta
435 3566 566 3626 ecclesia
588 3566 682 3627 habet
704 3567 802 3628 solum
824 3587 918 3627 unam
941 3577 1069 3647 partem,
1093 3559 1210 3627 scilicet
1231 3567 1285 3625 mi·

77 3669 222 3738 litantes,
255 3667 354 3727 solum
381 3668 459 3728 duaa
480 3677 592 3746 partes,
616 3669 733 3730 scilicet
754 3669 1009 3748 contemplativos
1032 3679 1063 3730 et
1093 3669 1223 3741 activos,
1256 3679 1287 3728 et

28 3785 64 3830 aa
77 3771 123 3830 sic
154 3777 306 3850 quotquot
335 3770 468 3830 volueris
499 3771 644 3844 limitare,
676 3773 755 3834 sicut
784 3773 999 3834 mandatorum
1030 3771 1196 3850 decalogus
1211 3777 1223 3840 ll
1240 3780 1286 3831 est
1299 3790 1455 3842 passura·

77 3873 183 3933 solum
205 3891 297 3944 unus,
322 3873 393 3952 quia
416 3873 553 3945 dileccio,
577 3883 612 3934 ut
642 3875 717 3935 dicit
747 3875 901 3954 apostolus
922 3875 1011 3935 Rom.
1037 3871 1099 3946 13³,
1130 3883 1160 3934 et
1186 3873 1284 3933 solum

298 4055 360 4122 lep.
379 4059 453 4108 abore
466 4077 494 4123 p.
514 4065 564 4111 706
582 4060 634 4110 Η
721 4055 788 4124 lep.
808 4063 880 4124 Corp.
899 4063 947 4110 iar.
970 4079 1024 4110 can.
1043 4061 1080 4110 cd.
1100 4061 1203 4124 Leipzig
1219 4065 1283 4112 1879

256 4145 298 4205 11,
316 4149 380 4201 887,¹
399 4145 474 4194 Decr.
495 4147 571 4208 Grec.
585 4147 638 4202 IX,
651 4147 667 4194 l.
695 4145 723 4207 V,
743 4149 782 4196 tit.
795 4147 878 4194 XXX
881 4147 962 4202 ΓΗΙ,
980 4164 1036 4210 cap.
1050 4147 1118 4202 XII,
1136 4147 1176 4195 De
1188 4147 1284 4196 Posuit.

256 4235 280 4279 et
299 4230 489 4279 Remirricaibur
559 4227 632 4281 ¹a‚9

149 4381 161 4412 ⁸
180 4385 324 4452 gramadici
336 4385 396 4435 MS.
466 4381 477 4412 ⁴
495 4385 667 4435 ermefroditis
677 4385 728 4434 MS
