3260 5136
75 581 126 628 cap.
148 559 234 630 rrrr]
415 562 470 610 ns
486 561 702 611 nscrcronc
717 562 878 611 Pnlfflffl
897 562 921 612 1.
1204 570 1265 629 515

75 735 224 796 confluunt
254 733 434 795 claustrales
465 734 505 794 ad
536 744 648 795 statum
681 734 848 796 secularem
880 735 1083 814 perfectorum
1109 747 1264 818 tamquam

74 837 109 898 ad
140 847 252 898 statum
276 838 554 915 supererogacionis
577 837 807 898 accidentaliter
829 837 899 917 plus
920 838 1099 918 perfectum,
1131 860 1189 921 que
1211 860 1267 921 per

74 940 211 1001 accidens
232 938 383 1018 perfeccio
406 941 588 1021 quandoque
611 941 759 1019 contingit
779 942 901 1002 racione
920 940 1099 1002 honestioris
1114 943 1267 1005 societatis

72 1043 117 1104 vel
138 1043 249 1121 prelati
270 1042 378 1103 melius
399 1043 531 1120 regentis
553 1053 607 1103 aut
629 1043 754 1104 alterirm
777 1044 940 1104 consimilis
962 1063 1064 1105 causa.

52 1160 64 1205 o
150 1144 204 1205 Ex
226 1165 285 1225 quo
307 1153 401 1224 patet,
423 1145 503 1226 quod
519 1145 678 1208 cristianus
694 1145 858 1208 observans
873 1145 1094 1225 perfeccionem
1110 1147 1267 1226 euangelii

72 1259 153 1308 extra
175 1247 342 1308 clarrstrnm
366 1247 523 1327 corporale
546 1269 607 1308 uon
629 1249 739 1310 dicitur
761 1249 914 1322 secularis,
938 1250 1009 1328 quia
1027 1250 1105 1310 vivit
1119 1252 1267 1311 cosencia-

71 1351 134 1410 liter
162 1345 411 1429 imperieccius¹⁶
442 1351 585 1411 cristiano
607 1351 788 1412 observante
811 1352 1032 1431 perfeccionem
1054 1351 1213 1430 ewangelii
1234 1353 1266 1414 in

70 1452 209 1525 claustro,
232 1453 285 1514 sed
307 1453 480 1514 huiusmodi
503 1451 694 1516 cristianus¹⁷
718 1455 830 1516 dicitur
855 1455 1009 1528 secularis,
1041 1455 1113 1535 quia
1143 1454 1266 1516 exclau-

70 1555 208 1627 straliter‚
231 1555 272 1615 ad
294 1575 383 1635 quem
407 1576 528 1617 sensum
550 1557 674 1618 fuerunt
695 1556 812 1618 Cristus
834 1569 865 1618 et
886 1559 932 1618 sui
954 1558 1083 1638 apostoli
1105 1578 1174 1618 oum
1198 1557 1266 1618 aliis

37 1659 200 1738 inperfecte
232 1678 283 1719 eos
313 1655 535 1720 imitantibur¹⁸
567 1660 729 1722 seculares.
773 1661 839 1721 Nec
871 1661 1073 1721 contrariatur
1102 1660 1173 1722 huic
1200 1681 1265 1722 sen-

69 1761 160 1821 tencie
175 1761 293 1821 dictum
308 1760 492 1840 Augustini“
507 1762 639 1841 positum
654 1764 686 1823 in
701 1762 826 1824 Oenone
843 1766 892 1835 12,
917 1784 966 1843 qu.
984 1769 1011 1836 1,
1028 1783 1112 1842 cap:
1129 1759 1265 1836 ‘Certe',⁶

68 1865 96 1924 in
117 1883 175 1943 quo
198 1873 292 1924 vocat
312 1863 437 1924 clericos
458 1864 610 1926 seculares
631 1867 765 1939 claudos,
789 1867 860 1947 quia
874 1867 906 1926 in
920 1867 987 1945 ipso
1002 1866 1083 1926 dicto
1098 1885 1159 1926 non
1174 1875 1265 1927 vocat

68 1987 113 2026 eos
144 1967 282 2040 claudos,
315 1967 387 2046 qnia
407 1968 531 2028 suntin
553 1978 635 2028 statu
656 1969 862 2030 esseucialiter
882 1963 1142 2048 imperfecciori,¹⁹
1173 1989 1263 2048 quarn

68 2079 109 2130 est
129 2081 229 2130 status
252 2069 470 2142 claustralium,
494 2070 548 2131 sed
570 2071 641 2150 quia
661 2071 693 2130 in
716 2071 823 2132 diebus
845 2071 907 2132 suis
929 2081 964 2132 nt
984 2071 1184 2132 communiter
1202 2092 1264 2132 non

36 2171 251 2233 reexcellentar
271 2173 407 2252 perfecte
430 2168 668 2234 observabant²⁰
690 2173 912 2253 perfeccionem
934 2173 1103 2251 euangelii.

147 2274 293 2336 Secundo
324 2284 419 2355 patet,
450 2276 532 2356 quod
559 2275 662 2337 nullus
683 2276 835 2354 ingressus
851 2284 863 2345 ll
879 2277 911 2336 in
933 2285 1045 2336 statum
1068 2275 1262 2337 claustralem
1277 2283 1362 2334 tolo&
1378 2285 1434 2324 1⁹⁰0

68 2379 267 2455 perfectorum
290 2379 417 2458 preponi
440 2378 532 2439 debet
552 2379 584 2438 in
603 2379 794 2458 perfeccione
812 2379 970 2440 essenoiali
986 2379 1155 2458 cuicunque
1173 2378 1264 2440 alteri

67 2481 277 2554 satisfaccioni,
310 2501 378 2541 curn
400 2501 463 2542 non
485 2480 577 2542 debet
598 2482 640 2542 sic
663 2483 791 2562 preponi
813 2481 1016 2542 satisfaccioni
1038 2482 1120 2543 facte
1141 2501 1196 2560 pro
1219 2481 1263 2541 in·

66 2577 198 2658 gressufl
221 2583 255 2643 in
276 2593 389 2644 statum
411 2583 579 2644 secularem
601 2585 814 2664 perfectorum.

33 2699 58 2744 ao
146 2684 257 2746 Tercio
287 2696 380 2764 patet,
413 2687 494 2766 quod
525 2694 622 2748 status
648 2686 794 2748 secularis
816 2686 1018 2766 perfectorum
1042 2707 1118 2766 eque
1140 2686 1190 2748 vel
1212 2708 1263 2748 ex-

67 2787 227 2849 cellencius
258 2787 354 2850 habet
383 2789 462 2849 hanc
493 2790 728 2869 prerogativam,
760 2799 795 2850 ut
825 2789 992 2850 secundum
1015 2788 1166 2868 baptisma
1188 2809 1263 2850 uun-

67 2901 199 2969 cupetur,
225 2891 303 2952 sicut
323 2891 423 2970 ipsam
445 2891 539 2952 habet
561 2901 656 2952 status
679 2891 851 2953 claustralis
874 2892 1085 2971 perfectorum.

279 3063 354 3110 CAP.
378 3062 460 3110 VIII.
494 3065 506 3088 ⁶
524 3065 629 3124 Aapuet.
651 3064 677 3109 in
693 3078 764 3110 cerm.
783 3062 821 3110 II
839 3063 869 3110 de
886 3063 1005 3110 cornmum'
1027 3061 1087 3110 Vita
1105 3061 1263 3110 Clamor-um.

235 3147 326 3210 (Opp,
338 3153 394 3195 tom.
408 3147 438 3202 V,
462 3147 539 3196 Serm.
554 3147 636 3196 CCCL
642 3145 683 3195 VI
695 3164 722 3211 p.
737 3148 822 3207 1384)
906 3144 916 3174 l
935 3149 1007 3212 Corp.
1026 3149 1075 3196 iar.
1092 3164 1146 3195 con.
1163 3147 1262 3196 Decret.

232 3249 259 3295 p.
278 3233 315 3280 II
330 3233 355 3280 C.
374 3233 439 3280 XII
454 3249 493 3295 qu.
514 3239 525 3282 1
550 3249 605 3296 cap.
623 3231 731 3281 XVIII
743 3249 771 3295 p.
790 3236 853 3282 68³:
876 3233 1014 3281 Οἶοήοαίω
1035 3249 1082 3281 non
1104 3232 1204 3280 tollitur
1220 3234 1263 3288 eir,

236 3319 279 3380 qai
295 3317 380 3366 volunt
395 3317 485 3366 labem
501 3319 600 3382 aupald
612 3320 752 3382 proprium.
771 3345 803 3352 -
823 3318 893 3366 Certe
915 3334 958 3381 epo
975 3335 1040 3374 mm,
1058 3321 1101 3382 poi
1116 3323 1261 3380 calamam,

236 3402 329 3450 uallum
347 3403 466 3452 ordinare
482 3403 606 3462 clericam,
627 3406 675 3453 πίει
692 3404 735 3467 qui
752 3419 843 3451 neeman
860 3403 934 3452 uellet
949 3421 1055 3460 monere,
1071 3409 1100 3452 ct
1116 3405 1138 3453 ei
1155 3403 1228 3454 veltet
1245 3423 1262 3452 c

232 3491 363 3552 proposito
381 3489 512 3551 discedere,
530 3495 596 3538 recte
613 3490 655 3538 illi
672 3488 783 3538 tollerem
805 3488 956 3538 clericatum.
992 3489 1058 3538 Ecce
1083 3491 1110 3538 in
1133 3495 1262 3553 coenpecta

236 3574 286 3622 Dei
302 3579 327 3622 et
343 3579 422 3622 oestro
440 3579 506 3624 nacto
528 3576 663 3624 concilium.
702 3576 751 3638 Qui
777 3575 862 3624 colant
887 3574 985 3638 aliquid
1009 3576 1099 3624 habere
1120 3578 1261 3639 proprium,

236 3661 321 3722 psilen
338 3675 386 3708 non
402 3661 500 3727 sufficit
516 3660 585 3710 Deus
611 3666 635 3710 et
660 3661 764 3710 coclerio
782 3662 846 3716 eice,
872 3664 994 3716 manunt,
1015 3661 1057 3709 ali
1079 3661 1164 3710 ochoi
1179 3667 1204 3710 el
1220 3662 1262 3710 obi

233 3751 343 3809 pomum,
360 3763 408 3794 noe
425 3746 460 3794 eie
477 3747 566 3809 case-ro
584 3743 735 3802 clericatum,
753 3745 811 3794 nolo
828 3745 917 3794 labere
931 3748 1068 3810 ypocritae.
1095 3747 1195 3794 Malum
1212 3764 1262 3796 eeee

236 3833 290 3894 quie
311 3833 419 3880 meiat!
448 3831 546 3879 Malam
568 3835 604 3880 ert
625 3833 714 3880 cadere
736 3849 752 3879 a
766 3833 909 3895 propoee'to,
935 3832 978 3879 red
992 3834 1064 3894 per'ae
1087 3836 1124 3880 eet
1143 3832 1262 3880 amalcre

232 3919 394 3981 propoeilam.

129 4069 151 4099 ¹⁶
168 4071 352 4138 imperleccias
361 4072 426 4122 AOa
479 4071 650 4136 inperfeccius
663 4069 688 4140 β,
715 4072 758 4120 but
778 4071 806 4120 in
823 4087 858 4118 or.
877 4075 931 4126 out,
953 4070 1027 4118 above
1049 4071 1070 4119 ἐι
1085 4071 1161 4132 apula
1177 4069 1213 4120 im
1231 4067 1262 4140 β’

66 4151 83 4180 ¹⁷
100 4159 167 4207 crist.
177 4154 240 4226 Οαβ
282 4156 547 4218 secl.(cd.)cristA
627 4155 648 4184 ¹⁸
665 4157 826 4207 imitantibus
837 4157 873 4206 Ca
911 4161 1052 4221 sequentes
1062 4152 1107 4224 Αβ
1176 4151 1197 4182 ¹⁹
1214 4156 1261 4206 im-

66 4241 200 4313 perMCfl
247 4242 426 4308 perfeccione
505 4237 528 4268 ²⁰
545 4241 719 4293 observabant
729 4240 788 4312 Οαβ
831 4241 1052 4298 observabantA‚
1075 4258 1113 4305 ep.
1131 4257 1186 4305 cap.
1203 4240 1264 4291 VII

66 4345 101 4376 ma
119 4335 159 4392 ta,
179 4335 213 4380 54
233 4330 284 4378 aad
301 4333 334 4379 58
402 4325 424 4354 ²¹
442 4343 488 4394 pro
505 4328 622 4394 ingressu
632 4329 697 4379 ΔΟα
733 4324 970 4397 peringressnmffl

993 4410 1046 4463 33*
