3304 5134
558 527 737 578 GENEBAL
757 528 886 577 INDEX.
1264 536 1323 596 761

95 698 247 748 Dominus
258 713 338 748 verus
349 699 377 749 in
389 701 452 752 celis
469 697 585 750 residens
603 707 630 750 et
647 700 694 750 ial-
745 699 846 749 Domus
864 698 951 750 diuitis
962 699 1073 766 dapiferi
1085 699 1193 750 visitant
1203 707 1274 751 secte
1285 701 1325 752 71.

150 783 196 817 sus
214 768 242 816 in
259 767 353 830 abysso
371 770 431 820 633.
746 794 779 804 -
798 767 851 818 alte
869 773 897 817 61
913 775 1065 833 sumptuose
1083 769 1191 819 fratrum
1210 771 1250 820 33.

98 836 179 886 -61
205 836 380 902 approbantes
401 843 486 888 sectas
507 846 618 904 peccant
638 855 695 907 gra-
749 865 778 873 -
799 835 907 886 fratrum
924 843 1075 903 sumptuose
1098 852 1131 887 ex
1151 838 1248 903 rapinis
1266 855 1326 889 con·

150 905 220 955 viter
237 907 296 955 440.
781 911 878 954 structe
896 907 937 956 63.

100 973 425 1094 —clggubsbgfmhm
446 981 485 1024 eet
505 975 590 1027 hom
606 992 695 1028 mm
748 1000 780 1076 Ξ
799 973 908 1092 llffilll
924 975 1081 1109 {bllptuoee
1103 1057 1136 1093 ex
1153 1043 1250 1109 rapinis
1267 1044 1326 1094 sub·

100 1137 149 1146 —
169 1127 263 1176 corpus
281 1111 382 1161 incolo
400 1117 440 1161 est
458 1113 516 1164 384.
782 1111 871 1161 tilibus
889 1113 930 1162 63.

102 1179 179 1228 -61
191 1179 404 1246 depauperantur
423 1195 471 1246 per
482 1181 604 1232 furtivam
625 1183 695 1235 able·
749 1207 780 1214 -
798 1194 927 1246 pauperes
939 1195 993 1229 non
1004 1179 1172 1230 visitantum
1189 1180 1266 1230 sectis
1284 1181 1325 1232 70.

149 1249 254 1299 cionem
271 1247 370 1299 domini
386 1249 537 1314 temporalis
555 1252 614 1303 245.
748 1265 882 1299 -morum
900 1247 1060 1298 construccio
1078 1250 1136 1299 711.

105 1343 150 1352 —-
169 1316 262 1367 domus
280 1323 320 1367 est
337 1317 448 1368 ecclesia
465 1319 524 1370 241.
747 1317 866 1367 Donacio
883 1332 932 1382 per
949 1316 1026 1366 deum
1045 1316 1167 1366 1161373.

106 1411 147 1420 -
168 1385 316 1451 redempcio
338 1385 435 1453 quoad·
448 1387 635 1440 snfficienciam
654 1391 695 1441 31.
748 1386 956 1436 —secularium
973 1385 1079 1435 cottidie
1097 1385 1223 1436 innovata
1241 1387 1300 1438 373.

108 1481 149 1490 -
167 1460 266 1504 sectam
284 1454 432 1520 despiciunt
448 1462 519 1506 secte
538 1459 578 1508 31.
749 1482 781 1489 —
798 1470 851 1503 non
873 1453 946 1503 valet
967 1453 1017 1503 nisi
1039 1452 1129 1503 habita
1149 1453 1260 1505 licencia
1281 1454 1326 1506 do·

106 1551 148 1560 —
167 1523 299 1573 seculares
325 1523 423 1575 debent
445 1525 517 1576 exire
543 1527 569 1576 in
594 1528 650 1578 vias
668 1535 696 1579 et
781 1523 845 1572 mini
862 1524 920 1573 '104-

150 1606 226 1657 sepes
246 1592 302 1642 137.
746 1592 852 1642 Donare
869 1591 1013 1657 quidquam
1040 1589 1115 1640 alteri
1136 1590 1192 1640 sine
1214 1591 1326 1642 licencia

107 1687 148 1696 —
167 1660 300 1710 seculares
317 1677 363 1726 pro
379 1660 561 1714 declaracicne
572 1662 634 1716 fidei
652 1665 695 1716 de-
781 1659 824 1710 dei
841 1676 894 1709 11011
912 1659 974 1710 licei
993 1659 1050 1709 136·

149 1729 215 1779 bent
232 1729 351 1780 laborare
370 1730 428 1781 382.
748 1735 859 1779 —netur
884 1727 1005 1778 fidelibus
1030 1727 1136 1788 iniuria,
1167 1726 1229 1778 licet
1251 1727 1325 1795 leges

107 1825 149 1834 —
168 1798 300 1847 seculares
312 1797 473 1850 seducuntur
488 1814 536 1865 per
547 1800 649 1852 ordines
662 1801 695 1852 de
782 1796 889 1862 papales
907 1795 1030 1847 deficiant
1047 1796 1106 1846 277.

150 1882 198 1916 suc
215 1866 329 1917 domitio
347 1868 388 1918 33.
746 1866 852 1916 Donum
870 1865 1008 1932 septuplex
1031 1870 1071 1915 est
1091 1878 1218 1930 organum
1235 1864 1324 1916 imma·

109 1961 147 1970 —
167 1940 196 1984 et
212 1933 316 1986 domine
338 1951 391 1986 non
415 1943 574 1988 excusantur
590 1945 695 2004 propter
781 1933 880 1984 dietum
900 1935 959 1984 203.

149 2003 328 2069 ignoranciam
346 2005 405 2055 440.
746 2002 942 2053 -secundum
964 2002 1069 2068 spiritus
1094 2000 1243 2052 intellectus
1264 2001 1325 2052 dici·

110 2099 148 2108 ·—
168 2077 197 2122 ct
213 2079 306 2123 satane
323 2072 422 2139 duplex
440 2073 484 2124 lex
502 2075 560 2125 633.
781 2078 824 2122 tur
840 2073 899 2124 211.

110 2167 147 2176 -
166 2140 194 2190 in
212 2141 257 2190 via
274 2142 374 2192 creceio
393 2142 451 2192 202.
748 2157 845 2191 -num
862 2140 971 2190 tercium
989 2139 1032 2189 dei
1049 2144 1090 2189 est
1104 2137 1209 2203 spiritus
1225 2138 1325 2189 consilii

109 2237 147 2248 -
167 2208 296 2260 inferioris
314 2209 417 2261 delacio
434 2226 488 2261 non
506 2211 578 2262 valet
601 2212 659 2262 243.
782 2210 841 2261 213.

114 2305 148 2314 -
168 2277 197 2327 in
214 2277 275 2345 lege
293 2278 415 2330 firndacio
433 2281 475 2331 63.
748 2304 780 2314 -
797 2279 911 2329 sciencie
928 2276 986 2327 220.

111 2373 143 2382 -
167 2346 312 2398 donacione
330 2347 480 2398 65611247.
748 2374 779 2382 -
798 2347 910 2413 pietatis,
929 2345 992 2412 quid
1010 2349 1050 2394 est
1067 2343 1126 2394 223.

111 2442 147 2451 -
166 2415 234 2480 legis
251 2415 394 2482 complecio
414 2418 470 2467 102.
748 2442 778 2452 —
789 2416 902 2466 sciencie
911 2419 1029 2464 rarenter
1036 2412 1181 2477 acquiritur
1189 2412 1251 2476 2223
1266 2413 1324 2464 223.

110 2510 149 2521 -
167 2489 264 2534 nocent
280 2484 329 2534 sibi
347 2485 409 2550 ipsis
426 2485 485 2536 247.
747 2511 778 2520 -
798 2485 938 2550 septimum
949 2482 1054 2548 spiritus
1073 2486 1112 2530 est
1123 2481 1200 2531 timor
1212 2481 1254 2531 dei
1266 2483 1325 2533 225.

110 2578 148 2589 -
167 2552 338 2604 consenciunt
354 2555 433 2604 sectis
452 2554 509 2606 137.
747 2568 816 2603 -na
833 2553 938 2618 spiritns
955 2550 1038 2601 sancti
1054 2548 1118 2615 quid
1135 2550 1187 2598 sint
1204 2549 1263 2600 208.

111 2647 148 2658 —
166 2621 298 2672 seculares
315 2622 364 2672 sub
380 2637 450 2688 pena
466 2624 640 2676 anathematis
657 2633 695 2676 te·
748 2628 891 2687 -septem
908 2619 1013 2685 spiritus
1030 2617 1114 2668 sancti
1131 2617 1239 2668 habenti
1256 2619 1325 2670 bene

149 2695 247 2740 nentur
264 2691 322 2740 382.
781 2690 848 2740 ieret
864 2691 923 2739 226.

111 2785 149 2794 -
166 2758 281 2823 supremi
297 2757 408 2809 licencia
425 2760 545 2825 specialis
565 2763 624 2814 243.
747 2773 815 2808 ——no
831 2757 970 2823 septuplici
988 2755 1086 2806 cristus
1103 2755 1197 2820 plenus
1215 2756 1274 2807 203.

111 2853 148 2862 -
160 2827 318 2892 temporales
327 2827 488 2879 dimitterent
496 2831 595 2882 ballare
603 2837 694 2882 contra
745 2826 912 2877 Dormientas
929 2825 1033 2891 spiritus
1051 2824 1108 2873 143.

149 2910 232 2962 regna
250 2901 341 2946 extera
360 2899 417 2947 133.
745 2896 773 2945 16
791 2897 880 2946 Dorsis
901 2894 994 2944 fratres
1016 2907 1045 2942 se
1066 2907 1120 2942 non
1141 2891 1240 2943 debent
1262 2909 1324 2944 one-

110 2990 148 3001 -
165 2963 324 3030 temporales
341 2965 439 3016 debent
455 2973 582 3032 perpetue
599 2968 693 3019 hereti·
779 2979 839 3015 rare
856 2965 914 3014 370.

149 3049 193 3082 cos
210 3033 344 3084 destruere
362 3035 420 3085 432.
744 3033 856 3084 Dotacio
873 3031 936 3082 cleri
954 3032 995 3081 34.

109 3101 147 3151 de
166 3101 347 3168 -preceptis
369 3102 433 3168 quid
455 3104 603 3155 anticristus
623 3105 693 3156 dicat
746 3129 777 3138 -
797 3101 860 3152 cleri
878 3103 1085 3151 osvenenatum
1103 3098 1219 3149 661575.

149 3171 208 3222 216.
744 3198 778 3207 -
796 3170 884 3221 clerici
901 3183 934 3219 cx
952 3167 1096 3218 redditibus
1113 3167 1183 3234 regis
1200 3169 1259 3220 245.

110 3253 183 3288 -nc
201 3245 296 3289 cuncta
312 3239 379 3290 liunt
395 3240 501 3307 cognita
518 3241 576 3292 343.
746 3266 776 3275 -
790 3238 975 3304 contralegem
984 3236 1144 3286 domininon
1153 3236 1225 3286 licita
1238 3238 1297 3289 233.

109 3322 128 3356 a
147 3334 181 3343 -
199 3313 282 3358 status
309 3308 419 3359 ecclesie
446 3308 611 3360 confirmatos
634 3325 691 3362 esse
745 3307 894 3358 -domini
910 3306 1038 3357 inicrioris
1055 3321 1109 3355 uon
1126 3305 1198 3356 valet
1216 3307 1274 3358 243.

148 3381 243 3440 putant
260 3375 363 3426 ordines
381 3379 421 3428 61.
744 3385 823 3428 -ct
848 3375 1031 3442 temporalium
1056 3375 1185 3440 possessio
1208 3391 1224 3424 a
1252 3381 1322 3428 statu

109 3444 141 3492 in
158 3470 192 3480 —
210 3444 314 3494 ordines
332 3445 435 3496 fundati
453 3447 511 3497 224.
777 3445 931 3496 innocencie
948 3443 1058 3494 deviant
1074 3443 1133 3494 221.

111 3527 210 3562 -num
229 3512 318 3564 debite
335 3529 405 3581 papa
422 3531 474 3566 non
492 3514 577 3582 diligit
597 3516 652 3567 123.
744 3541 777 3552 -
796 3514 906 3565 ecclesie
914 3513 1015 3564 tollitur
1023 3511 1128 3562 racione
1137 3513 1250 3578 quadam
1264 3513 1321 3564 137.

111 3607 146 3618 -
164 3586 235 3632 secte
251 3596 285 3632 ne
305 3588 351 3632 ant
367 3585 408 3634 31.
743 3611 777 3620 -
796 3583 907 3634 ecclesie
924 3583 1005 3634 stulta
1022 3579 1069 3630 liat
1086 3581 1145 3632 572.

112 3675 147 3686 -
173 3655 262 3716 tempo
303 3666 345 3702 em
371 3652 489 3704 homines
514 3652 573 3718 plns
598 3653 693 3704 timent
744 3680 776 3691 -
795 3652 906 3702 ecclesie
923 3667 987 3701 num
1005 3649 1136 3700 meritoria
1160 3650 1218 3700 701.

148 3733 227 3784 quam
244 3718 323 3768 deum
341 3719 399 3770 226.
744 3749 776 3758 -
795 3720 906 3771 ecclesie
923 3717 1076 3769 intoxicavit
1093 3717 1192 3768 clerum
1210 3719 1268 3769 534.

109 3793 203 3837 contra
220 3814 253 3824 -
272 3788 421 3838 mendicare
439 3789 497 3840 367.
744 3817 776 3826 -
795 3789 935 3840 maledicta
952 3787 1016 3839 cleri
1032 3786 1132 3836 cassrei
1150 3787 1207 3838 175.

110 3855 140 3904 16
159 3883 191 3895 -
210 3856 314 3906 mentiri
332 3859 391 3908 343.
743 3886 776 3894 -
788 3872 857 3925 pape
869 3863 909 3908 est
919 3857 1015 3908 ficticia
1023 3854 1104 3920 plena
1112 3855 1249 3906 mendacio
1261 3857 1320 3907 635.

110 3939 160 3989 per
177 3951 209 3960 —
229 3931 300 3975 secte
317 3941 369 3976 non
386 3931 448 3976 sunt
466 3925 614 3977 introducta
633 3927 690 3978 173.
743 3953 774 3964 -
794 3941 861 3992 pura
877 3927 905 3975 in
922 3923 1098 3991 spiritualibus
1116 3925 1174 3975 530.

91 3993 691 4127 ·”“1ἰὲ.“.1ῗ3”1.”613“ἓ63266.6
743 4021 776 4032 “
793 3993 1067 4115 11111112·

146 4130 205 4181 255.
742 4158 774 4169 -
794 4132 873 4182 debet
889 4133 1023 4182 terminari
1041 4130 1100 4180 243.

110 4225 144 4234 -
163 4203 191 4249 61
207 4197 371 4249 dominamm
388 4199 506 4250 suffnleio
524 4201 565 4252 72.
742 4229 774 4238 -
793 4207 923 4252 sectarum
940 4201 990 4252 fuit
1007 4197 1144 4264 culpabilis
1162 4199 1219 4250 243.

110 4267 312 4318 -secularium
320 4269 510 4320 conscienciam
518 4270 689 4323 movere248.
742 4285 838 4321 —nem
855 4269 920 4320 deus
937 4270 1069 4336 prohibuit
1089 4268 1148 4319 243.
