3354 5142
468 537 522 584 Da
537 535 793 584 Dlssnnslon'n
809 536 998 584 PAPARL'M.
1268 544 1330 602 573

128 709 178 768 isti
211 708 397 768 restitucioni
428 708 613 780 dissenserit,
651 717 696 768 est
726 707 904 768 manifestus
934 708 1084 769 hereticus
1113 705 1208 788 legi¹⁹
1239 708 1330 770 Cristi
1423 778 1425 786 ,

101 859 104 866 .
129 823 161 870 et
191 811 310 872 caritati
342 810 469 872 ecclesie
500 811 668 870 contrarius
699 820 729 870 et
750 829 805 889 per
826 830 1013 890 consequens
1036 820 1191 892 tamquam
1214 823 1329 891 pertur-

129 913 218 974 bator
248 915 333 994 pacis
363 913 489 974 ecclesie
521 933 539 972 a
570 912 710 974 fidelibus
741 908 938 974 renuendos.'¹
981 913 1065 974 Talis
1091 915 1170 976 enim
1193 914 1264 994 plus
1286 916 1328 976 af·

127 1011 257 1076 fectat²⁰
280 1017 491 1097 temporalium
514 1015 680 1076 dominium
691 1010 719 1078 ,η
742 1024 772 1076 et
786 1015 915 1076 honores
930 1017 1075 1079 adversus
1090 1017 1189 1094 legem
1204 1017 1326 1092 domini,

101 1135 219 1199 squam
243 1119 455 1180 dilatacionem
478 1119 613 1180 caritatis
634 1119 667 1178 in
689 1101 818 1178 ecelesia
840 1118 888 1180 vel
911 1119 1040 1180 salutem
1060 1121 1222 1200 propriam,
1247 1121 1327 1203 qnod

127 1219 241 1283 esset⁹²
263 1243 407 1302 expressa
428 1221 565 1282 condicio
588 1221 746 1282 meridiani
772 1217 924 1282 demonii‘
960 1222 1031 1282 Non
1050 1218 1176 1302 igitur²³
1195 1235 1325 1295 noceret,

126 1326 179 1386 sed
203 1325 359 1404 prodesset
381 1325 507 1386 ecclesie
530 1345 632 1385 carere
655 1323 709 1384 tali
731 1323 880 1398 demonio,
904 1335 935 1386 et
953 1325 992 1386 ad
1008 1326 1072 1386 eius
1087 1325 1325 1388 destruccionem

125 1429 155 1486 in
180 1447 273 1487 causa
295 1429 344 1489 dei
366 1423 529 1488 ecclesian
551 1427 679 1488 sollicite
702 1426 863 1488 laboraret.

212 1527 364 1606 Quarto²⁵
386 1531 515 1603 videtur,
539 1530 629 1610 quod,
653 1550 831 1610 quecunque
847 1532 1048 1592 communitas
1062 1531 1183 1592 laborat
1196 1532 1324 1594 alterum
1363 1539 1373 1556 '

84 1651 115 1692 m
125 1634 251 1694 istorum
274 1655 424 1714 paparum
447 1634 602 1694 restituere
626 1633 665 1692 ad
681 1633 809 1711 priorem
826 1654 978 1694 cesaream
994 1634 1182 1712 dignitatem,
1206 1634 1326 1696 laborat

122 1739 155 1797 in
178 1757 271 1798 causa
293 1736 418 1816 dyaboli
441 1745 547 1797 contra
570 1735 711 1797 Cristum.
748 1733 865 1796 Cristus
887 1736 965 1796 enim
989 1737 1073 1798 dedit
1095 1734 1228 1816 legem²⁶
1249 1739 1325 1798 mul·

122 1841 259 1920 tiplicem
282 1841 343 1900 suis
365 1838 582 1912 sacerdotibus,
610 1839 692 1920 quod
713 1859 773 1898 non
796 1837 898 1900 taliter
919 1838 1120 1914 dominentur,
1145 1849 1176 1900 et
1195 1861 1251 1920 pro
1273 1841 1323 1902 de·

120 1944 260 2004 fensionc
290 1944 380 2004 huius
409 1943 486 2021 legis
516 1951 547 2002 et
578 1943 706 2004 aliarum
738 1942 856 2002 monuit
886 1963 955 2002 suos
986 1941 1090 2003 fideles
1117 1942 1173 2004 sub
1197 1943 1323 2004 obtentu

120 2045 319 2107 beatitudinis
350 2044 489 2106 laborare
520 2041 581 2106 et²⁷
615 2045 654 2106 ab
689 2044 861 2106 infidelibus
898 2045 1039 2106 sustinuit
1074 2045 1264 2106 durissimam
1273 2041 1299 2079 ²⁸
1315 2043 1323 2127 ll
1336 2065 1345 2114 t
1360 2079 1377 2110 α
1390 2065 1423 2115 so.
1437 2067 1487 2108 aare

78 2153 302 2228 ropassionem.
357 2148 433 2224 Quis
468 2143 593 2226 igitur⁹⁹
629 2157 816 2228 presumeret
851 2147 944 2208 talem
976 2149 1108 2209 radicem
1141 2168 1322 2210 venenosam

120 2253 242 2312 lirmare
263 2253 294 2312 in
318 2252 446 2312 ecclesia
469 2261 575 2312 contra
596 2272 704 2331 pacem
728 2253 791 2312 eius
814 2251 903 2312 titulo
926 2250 1082 2312 ministerii
1106 2253 1270 2313 anticristi?

207 2353 251 2415 Et
285 2375 324 2416 ex
358 2355 423 2416 istis
458 2351 596 2435 quint0³⁰
633 2355 754 2416 videtur
790 2352 962 2434 probabile,
1009 2354 1090 2435 quod
1128 2356 1321 2418 manifestum

118 2458 313 2518 mendacium
337 2459 376 2518 sit
397 2467 428 2518 et
450 2456 661 2518 abhominacio
688 2455 897 2528 desolacionis,
931 2457 1012 2538 quod
1035 2455 1152 2518 Oristus
1174 2460 1323 2521 concedat

118 2561 346 2639 indulgenciam
369 2581 388 2621 a
409 2581 489 2640 pena
510 2570 542 2621 et
562 2555 614 2620 a³¹
638 2559 739 2639 culpa,
762 2558 812 2620 vel
835 2559 1037 2640 quodcunque
1058 2559 1144 2620 aliud
1166 2561 1322 2641 spirituale

73 2681 109 2723 ro
118 2665 297 2742 suffragium
320 2665 489 2744 cuicunque
511 2663 542 2722 in
565 2664 623 2724 bae
647 2683 739 2723 causa
760 2661 885 2741 dyaboli
907 2671 1014 2722 contra
1035 2663 1184 2741 seipsum
1200 2665 1320 2726 assidue

117 2767 280 2829 laboranti.
325 2766 412 2827 Tunc
443 2766 523 2826 enim
547 2764 663 2826 Cristus
694 2767 772 2826 foret
802 2765 859 2826 sibi
889 2765 947 2844 ipsi
978 2765 1153 2838 contrarius,
1176 2778 1320 2846 peccator

117 2871 277 2930 maximus,
292 2879 323 2930 et
344 2870 428 2950 pacis
450 2869 578 2930 ecclesie
601 2869 732 2929 maxime
755 2867 940 2940 turbativus;
973 2888 1031 2948 que
1054 2889 1123 2928 eum
1147 2870 1207 2930 sint
1225 2872 1319 2931 mani·

116 2975 196 3035 festa
226 2973 427 3052 blasphemia,
459 2992 516 3032 nee
547 2972 611 3032 sine
634 2972 826 3032 concessione
849 2979 880 3032 et
902 2971 1081 3032 auctoritate
1103 2971 1318 3052 triumphantis

115 3077 244 3137 ecclesie
267 3074 372 3136 valent
393 3075 469 3136 talia
490 3075 645 3134 nominata
668 3074 821 3152 suffragia,
850 3094 919 3134 cum
941 3072 1007 3134 Iob.
1031 3069 1154 3154 quintolt
1176 3075 1258 3136 dicat
1280 3076 1317 3135 de

73 3193 148 3240 rose
178 3181 256 3258 ipso,
289 3178 370 3259 quod
401 3198 462 3238 non
493 3186 593 3257 potest
623 3177 702 3237 lilius
732 3177 842 3249 faeere,
874 3176 931 3236 nisi
963 3176 1045 3257 quod
1066 3175 1177 3238 viderit
1198 3189 1315 3257 patrem

114 3283 289 3353 facientem,
312 3290 406 3360 patet,
431 3301 521 3362 quam
545 3300 617 3340 vera
637 3289 683 3338 est
697 3280 849 3357 negativa,
873 3299 964 3359 quam
979 3299 1051 3357 sepe
1067 3277 1214 3358 exposui,l
1235 3280 1316 3361 quod
1350 3273 1353 3278 ¹

329 3551 397 3620 lep.
415 3554 490 3602 below
509 3553 628 3602 Cracicta
645 3570 700 3617 rap.
720 3553 756 3601 II
766 3569 793 3616 p.
813 3557 860 3602 591
880 3553 931 3600 aad
947 3552 1006 3600 reith
1022 3553 1070 3616 ref.
1088 3557 1113 3601 to
1131 3554 1171 3602 tae
1186 3555 1315 3618 following

286 3641 375 3690 ibidem
389 3659 416 3705 p.
435 3643 483 3690 591
537 3636 655 3702 1ἰῚιΡι
674 3645 748 3696 9l‚6
801 3633 897 3688 lali)
950 3633 1313 3706 ‘scriastl'riad358ffi

181 3881 203 3910 ¹⁹
221 3881 302 3948 legin
339 3887 366 3930 et
383 3880 436 3948 legi
445 3881 519 3930 ΔΘΕ
586 3877 608 3908 ²⁰
625 3880 779 3932 affectatos
815 3879 986 3928 affectaretE
1018 3877 1147 3927 affectaA
1166 3895 1231 3927 corr.
1248 3878 1315 3927 laeter

110 3971 161 4018 into
179 3969 316 4018 affectaret
367 3963 389 3994 ¹¹
407 3967 592 4018 dominiuma,
614 3965 728 4016 dominia
738 3967 791 4014 AB
823 3965 952 4014 dominic*
1001 3961 1023 3992 ²¹
1041 3965 1194 4013 essetAOE
1226 3980 1310 4016 essen

108 4052 132 4082 ¹³
149 4055 231 4122 igitur
240 4056 277 4106 Oa
309 4053 436 4119 ergoAE
485 4049 508 4080 ²⁴
525 4053 683 4105 ecclesiaOn
715 4052 851 4102 eeclesiam
862 4053 915 4099 An
965 4047 987 4077 ’ὅ
1004 4052 1033 4100 ia
1043 4051 1312 4099 OEiradda'nmarn

109 4141 212 4202 Quarta
229 4139 362 4189 conclusio
405 4135 427 4166 ²⁸
445 4139 530 4205 legem
542 4141 632 4190 nona
668 4139 836 4204 longe(ad.)
849 4135 888 4186 ΕΙ
901 4137 1001 4185 iam
1059 4131 1194 4186 ”staca
1230 4137 1314 4186 ΜΕ

109 4223 130 4253 ²⁰
148 4226 313 4276 durissimam
325 4226 387 4276 cna
427 4225 627 4274 diversissimam
639 4225 656 4286 (
657 4225 719 4284 UA
788 4219 810 4250 ¹⁹
828 4223 955 4288 igiturca
992 4237 1054 4286 ergo
1065 4223 1118 4270 An
1183 4218 1207 4250 ⁸⁰
1223 4225 1250 4272 ia
1268 4225 1314 4272 OE

110 4315 131 4360 is
148 4315 207 4362 add.
226 4315 252 4360 in
269 4329 347 4360 mrem
366 4311 464 4372 Quinta
481 4310 611 4360 conclusio
680 4307 702 4336 '¹¹¹
721 4311 784 4360 πιθα
822 4309 932 4357 man
