3312 5128
567 551 745 601 GENEBAL
764 551 894 600 Iam.

109 719 228 770 Ordines
250 719 378 785 dyabolus
400 721 574 788 paralogismo
596 721 697 772 seducit
720 745 722 785 l
748 721 875 772 Ordiuum
893 721 974 771 bucce
992 721 1072 770 rubeo
1091 723 1148 772 535.

149 789 210 839 228.
720 800 721 809 ’
748 817 781 826 -
799 789 965 839 habitudines
982 789 1100 838 odiamus
1117 790 1176 840 228.

109 857 317 975 -281ἕιιριιιι10
329 873 409 924 opera
420 857 463 908 dei
474 857 502 908 in
513 858 551 908 ι1ι
561 858 697 908 salvantur
750 885 781 895 -
799 858 959 908 introduccio
976 859 1055 924 quale
1073 857 1169 908 babeat
1180 858 1325 924 periculum

111 1022 147 1030 —
168 1009 216 1060 per
237 993 377 1058 dyabolum
400 995 427 1044 in
449 995 586 1045 ecclesiam
610 995 696 1044 subin·
720 982 722 997 '
749 1023 780 1032 -
799 996 875 1062 signa
891 995 1009 1062 pingues
1027 1001 1131 1045 ventres
1148 997 1207 1046 535.

150 1069 253 1112 tratum
270 1064 328 1114 228.
720 1096 722 1143 Ι
749 1091 780 1100 —-
798 1071 960 1114 monstruosa
977 1063 1080 1114 edificia
1096 1065 1153 1114 531.

113 1158 149 1167 -
168 1139 354 1197 supertectum
363 1131 472 1182 ecclesie
481 1132 629 1182 subintrant
637 1133 722 1182 228
750 1160 780 1169 -
799 1133 922 1184 soluoio
915 1150 942 1182 ιιι
959 1140 1057 1184 sectam
1075 1132 1151 1182 Gristi
1168 1134 1226 1183 481.

113 1227 148 1236 -
169 1199 299 1265 quomodo
325 1200 495 1250 materialiter
515 1201 567 1250 sint
592 1188 722 1279 amandi}
749 1229 780 1238 -
799 1202 960 1268 regulstores
977 1217 1011 1252 ns
1028 1201 1080 1251 sint
1097 1201 1214 1252 canonici
1232 1202 1290 1252 248.

151 1269 780 1318 228-
799 1278 911 1336 quatuor
928 1271 1037 1320 funiculi
1055 1273 1112 1321 188.

113 1364 148 1373 -
169 1353 222 1386 non
235 1337 371 1390 babentia
383 1337 696 1388 dominofundamentum
749 1367 781 1376 -
800 1339 917 1389 merdosa
938 1339 1044 1405 argucio
1062 1341 1120 1388 580.

154 1407 214 1456 227.
748 1407 781 1457 de
801 1435 830 1442 -
850 1407 940 1456 habitu
958 1407 1085 1472 corporali
1102 1409 1161 1458 457.

118 1500 151 1509 -
171 1474 270 1524 novelli
287 1488 338 1524 non
353 1475 451 1525 intrant
462 1475 489 1524 in
501 1475 638 1526 ecclesiam
651 1491 698 1542 per
748 1476 775 1525 in
794 1475 930 1526 -dinibus
947 1475 1022 1525 novis
1033 1476 1117 1542 pietas
1129 1475 1275 1526 exercenda
1287 1482 1327 1525 ιιι

151 1543 247 1592 ostium
265 1543 352 1592 Iesum
370 1545 428 1593 227.
783 1545 842 1595 225.

113 1638 148 1647 -
169 1610 240 1677 apud
258 1611 349 1661 fideles
365 1611 479 1677 suspecti
497 1612 555 1662 228.
722 1632 724 1677 g
750 1639 782 1650 -
801 1612 928 1677 dyabolus
946 1611 1091 1677 hospitatur
1108 1613 1149 1662 57.

114 1707 150 1716 -
170 1680 320 1746 conspirant
337 1679 363 1729 in
381 1687 491 1730 mortem
508 1681 603 1730 cesaris
621 1681 679 1731 227.
722 1724 724 1745 ,
750 1709 781 1719 -
800 1682 907 1748 privatis
928 1681 1038 1748 contigit
1058 1679 1209 1746 profundari
1226 1687 1253 1730 et
1273 1694 1326 1728 ma-

115 1776 150 1784 -
169 1749 232 1798 novi
254 1764 410 1815 cognoscere
433 1749 530 1800 debent
546 1749 615 1814 quod
633 1749 698 1798 deus
783 1751 865 1800 culari
884 1751 941 1800 102.

152 1816 287 1896 dispensat
304 1825 331 1868 et
347 1817 458 1883 precipit
477 1817 546 1883 quod
564 1817 620 1868 sine
638 1833 698 1868 con·
722 1798 725 1899 l
750 1846 781 1854 -
801 1818 927 1882 dyabolus
945 1818 1044 1868 amicus
1062 1825 1102 1866 est
1118 1818 1159 1868 57.

151 1885 266 1935 sciencia
292 1885 442 1952 dirumpant
469 1885 594 1936 sathanas
619 1885 699 1936 homi·
723 1887 885 1953 Organum
896 1886 1075 1937 immediatum
1087 1885 1232 1936 estdonnm
1240 1893 1326 1950 septu

151 1969 215 2004 ιιιιιιι
234 1955 292 2004 285.
723 1960 725 1969 “
801 1956 844 2006 lex
862 1957 920 2006 209.

116 2023 267 2088 -privati
284 2023 407 2074 resistunt
424 2021 574 2088 SpirimiS.
592 2023 651 2074 478.
723 1998 725 2045 Ι
751 1972 854 2091 -ἓιιιι
875 2024 955 2074 babet
972 2024 1095 2074 sathanas
1117 2023 1259 2088 perfalsus
1277 2022 1327 2070 fra-

115 2091 245 2140 ——dinum
275 2091 395 2158 specialis
421 2099 546 2157 patronus
572 2091 725 2156 dyabolus
784 2099 837 2142 tres
855 2095 913 2144 393.

154 2161 214 2210 408
723 2149 885 2229 Originale
903 2168 1038 2227 peccatum
1057 2162 1097 2210 81.

116 2255 150 2264 -
170 2228 308 2295 privilegio
325 2235 408 2279 status
425 2229 582 2294 apostolicus
598 2245 650 2279 non
661 2229 699 2278 in·
723 2230 921 2297 Orign'nantur
937 2228 1055 2279 canonici
1069 2243 1101 2278 ιι
1115 2227 1250 2277 mendacio
1268 2227 1326 2276 247.

150 2297 264 2363 signitus
281 2305 322 2347 ιιι
339 2299 485 2348 482-483.
750 2298 831 2366 Origo
849 2297 990 2348 sacerdotis
1007 2297 1107 2347 cesarei
1123 2297 1181 2347 243.

114 2393 150 2401 -
169 2366 355 2416 excusaciones
373 2382 426 2416 uon
443 2366 534 2416 valent
551 2369 609 2417 478.
753 2375 941 2418 -sectarum
977 2373 1093 2431 tempore
1122 2364 1260 2414 solucionis
1288 2378 1327 2412 sa·

115 2461 148 2470 -
168 2434 293 2499 iniquitas
313 2449 361 2500 per
376 2435 514 2500 ypocrisim
536 2435 622 2485 celata
638 2437 697 2486 480.
785 2435 865 2486 thane
883 2437 924 2484 68.

117 2529 148 2537 —
168 2503 271 2619 pptroni
286 2504 372 2623 pposic
389 2510 566 2569 peccavarunt
582 2505 641 2554 453.
750 2573 773 2622 Ο
751 2503 943 2582 -cuiuslibet
959 2497 1076 2620 {reaturo
1089 2503 1152 2619 ι183.
1263 2569 1269 2580 ι
1292 2569 1297 2580 Ι

118 2598 151 2606 -
170 2585 268 2621 eeccio
774 2587 863 2622 macro
884 2587 958 2636 repro
977 2587 1050 2620 orum
1072 2586 1088 2620 e
1122 2585 1149 2618 m
1167 2584 1245 2635 opere
1262 2585 1328 2618 ιιιιιι-

119 2639 336 2705 -superfluitss
355 2641 413 2690 300.
782 2649 879 2690 storum
899 2640 955 2689 173.

117 2735 150 2744 —-
163 2709 267 2758 novitas
273 2709 381 2774 impedit
386 2709 575 2774 plenitudinem
580 2708 645 2774 legis
656 2710 697 2759 88.
749 2709 911 2758 Ornameuta
928 2714 1057 2757 sectarum
1077 2707 1134 2757 711.

116 2805 151 2813 -
169 2776 245 2826 multi
261 2778 425 2828 menciuntur
443 2779 483 2828 59.
750 2777 931 2843 s-uperllua
953 2776 1009 2826 143.

118 2872 150 2882 -
170 2845 331 2910 privatorum
349 2847 430 2896 abbas
447 2861 517 2912 papa
535 2853 574 2896 est
593 2846 650 2895 127.
750 2874 782 2882 -
800 2844 933 2895 sensibilia
952 2845 1010 2894 170.

119 2941 151 2950 -
165 2915 350 2965 conventicula
359 2922 420 2966 suut
428 2930 531 2964 camere
541 2912 646 2978 dyaboli
655 2914 696 2964 57
750 2941 782 2950 -
801 2914 927 2963 bonorare
945 2913 1015 2962 mala
1032 2919 1072 2962 est
1088 2911 1181 2977 regula
1200 2911 1256 2961 173.

117 2983 420 3034 -communicaciones
437 2983 542 3049 fugiunt
554 2982 643 3032 fideles
655 2984 697 3033 80.
749 2982 901 3049 Orologium
918 2981 1078 3046 superfluum
1097 2987 1136 3030 est
1153 2980 1211 3030 302.

116 3051 285 3100 -fautores
302 3050 465 3102 voluntatem
478 3050 697 3101 Gristiconsulere
750 3051 846 3117 —logii
868 3050 1015 3115 exemplum
1038 3048 1188 3098 medullitus
1208 3063 1327 3115 prosecu-

156 3117 279 3168 videutur
297 3121 336 3170 81.
782 3127 837 3170 tum
864 3126 903 3168 est
920 3119 954 3168 ab
972 3125 1078 3168 auctore
1096 3119 1154 3168 302.

116 3195 365 3238 -extraneomm
394 3186 552 3238 introduccio
579 3185 612 3236 ad
642 3186 697 3235 uni·
751 3185 1328 3253 Ortbodoxafidesdequidditatebostiecon·

152 3263 234 3306 tatem
253 3259 294 3306 98.
722 3278 724 3321 ι
783 3263 883 3306 ιιιιιιι
901 3257 960 3306 282.

117 3351 151 3360 -
170 3325 271 3374 fructus
287 3323 329 3374 51.
750 3325 850 3374 ——doxe
868 3324 913 3374 lux
931 3324 992 3375 fidei
1009 3325 1170 3375 excucionda
1188 3325 1246 3375 400.

116 3424 150 3432 -
169 3401 275 3458 pasture
293 3392 397 3459 publice
416 3391 472 3442 102.
749 3393 786 3443 Os
802 3393 911 3443 sratmm
929 3393 1044 3460 loquitur
1060 3394 1208 3460 superbiam
1226 3395 1267 3443 66.

118 3490 150 3498 —
170 3461 307 3511 exclusiva
317 3461 432 3511 varietas
450 3461 491 3510 87.
723 3456 887 3512 Osculacio
904 3463 1001 3529 pedum
1019 3478 1087 3528 pape
1105 3464 1163 3514 890.

118 3558 150 3566 -
169 3531 302 3580 fautorum
320 3529 424 3580 edificia
441 3530 482 3579 96.
750 3531 873 3582 Ostencio
891 3541 1020 3582 cartarum
1039 3533 1097 3582 704.

116 3627 151 3635 -
170 3599 296 3664 capitales
317 3600 457 3649 observant
473 3598 549 3665 signa
565 3598 699 3648 sensibilia
750 3599 896 3650 Ostenders
914 3607 1012 3650 cartam
1029 3599 1170 3649 humanam
1190 3600 1248 3650 188.

153 3669 213 3718 300.
750 3669 852 3718 Ostium
870 3668 962 3719 domus
979 3669 1022 3718 dei
1040 3668 1138 3718 Oristus
1155 3675 1195 3717 est
1214 3668 1270 3717 175.

116 3764 150 3774 -
170 3736 301 3802 capitanei
321 3736 446 3786 affectant
464 3735 574 3786 honores
591 3735 698 3785 munda·
750 3737 936 3802 per-losum
946 3736 1043 3786 novelli
1055 3736 1158 3786 ordines
1167 3751 1219 3785 non
1232 3735 1329 3784 intrant

152 3821 201 3856 nos
220 3805 277 3855 301.
784 3805 811 3854 in
829 3805 967 3855 ecclesiam
984 3806 1043 3856 227.

115 3899 151 3910 -
170 3888 297 3924 novorum
320 3873 431 3938 quilibet
452 3879 492 3922 ιιι
509 3889 590 3923 unum
607 3887 700 3938 corpus
751 3873 821 3924 Oves
839 3873 915 3923 cristi
936 3873 1061 3924 seducere
1083 3889 1131 3939 per
1147 3873 1218 3922 viam
1234 3871 1329 3922 inferni

117 4037 150 4048 -
171 4027 299 4062 novorum
317 4009 421 4076 presciti
440 4009 498 4060 383.
752 4037 783 4047 -
803 3979 931 4077 pauperes
952 4011 1035 4060 curati
1056 4010 1215 4062 custodirent
1235 4011 1263 4060 in
1285 4025 1328 4060 ex·

116 4107 150 4116 —
169 4079 327 4130 tradiciones
348 4077 484 4128 deviantes
506 4092 523 4127 a
540 4077 622 4128 Crista
640 4077 699 4128 222.
785 4080 847 4130 teris
865 4079 1004 4144 provinciis
1024 4081 1080 4129 130.

116 4175 150 4184 -
170 4149 275 4198 malicie
293 4147 326 4196 ad
343 4153 426 4197 totum
444 4146 574 4197 hominem
590 4153 652 4196 sunt
663 4145 700 4194 di·
752 4137 843 4197 —ibus
861 4147 937 4198 Cristi
953 4161 1023 4213 papa
1040 4163 1164 4196 onerosus
1182 4148 1239 4197 127.

152 4217 261 4267 latande
280 4217 337 4267 225.
752 4217 867 4266 Ovorum
885 4231 1021 4266 numerum
1039 4229 1189 4266 mensurare
1206 4217 1265 4266 538.

115 4313 150 4322 -
170 4285 286 4335 variacio
304 4283 473 4334 accidentalis
490 4285 548 4334 531.
