3304 5134
94 555 157 602 cap.
177 535 235 603 11¹]
291 539 344 586 DE
360 539 671 588 con‘ranmmn
688 541 851 588 DUOBUM
866 539 1108 588 DOMINORUM.
1237 544 1298 602 703

191 715 304 794 Arguit
331 716 412 776 enim
443 735 482 774 ex
512 715 682 777 iuramento
713 725 744 777 et
774 715 833 776 fide
861 715 1071 776 elemosinaria
1098 714 1298 786 dominorum,

96 819 187 899 quod
209 839 332 880 necesse
355 828 409 890 est,
432 819 512 896 ipsos
534 839 656 880 servare
676 829 809 898 pactum,
833 818 914 898 quod
930 839 998 879 cum
1015 819 1095 879 clero
1111 819 1300 899 pepigerant,

97 924 178 1002 qrria
200 922 297 994 aliter,
322 922 472 1000 attingit,
496 922 596 983 forent
618 923 788 983 animarum
803 942 925 982 suorum
948 923 1175 1001 progenitorum
1198 923 1302 983 infide

98 1025 213 1084 liseimi
236 1025 413 1104 proditores,
438 1046 473 1084 ac
496 1027 521 1086 si
536 1025 784 1106 blasphemarent
798 1025 829 1084 in
845 1022 988 1098 Cristum,
1013 1026 1094 1106 quod
1116 1026 1182 1104 ipse
1195 1025 1303 1086 fuisset

70 1131 132 1188 oin
162 1139 227 1189 arte
249 1127 373 1188 amandi
395 1129 589 1190 stultissimus
611 1139 642 1190 et
664 1131 810 1207 ingratus.
856 1126 957 1200 Carta,
980 1129 1134 1218 inquiupt,
1160 1148 1304 1190 concesse

99 1233 143 1292 dc
170 1240 317 1312 perpetua
339 1231 505 1293 elemosina
527 1242 598 1293 sunt
618 1233 781 1311 implenda.
829 1232 890 1293 Sed
913 1232 994 1292 idem
1017 1241 1063 1293 eet
1076 1241 1303 1312 procuratorem

99 1334 233 1414 dyaboli
255 1335 297 1395 sic
319 1355 460 1412 arguere,
490 1357 527 1396 ac
549 1337 574 1396 si
595 1336 768 1408 intenderit,
798 1338 823 1396 si
845 1337 911 1417 quis
933 1336 1087 1408 iuraverit,
1112 1357 1143 1396 ee
1166 1337 1304 1397 occidere

99 1441 233 1499 fratrem
255 1459 343 1499 suum
370 1438 420 1499 vel
443 1438 566 1518 aliquod
598 1439 716 1500 facinus
743 1460 797 1518 pro
824 1449 912 1519 parte
935 1439 1060 1518 dyaboli
1082 1449 1188 1500 eontra
1210 1439 1304 1500 domi-

100 1563 182 1601 num
197 1551 381 1620 perpetrare,
405 1561 444 1602 ex
466 1541 525 1602 fide
548 1563 603 1602 sua
626 1543 664 1603 de
686 1543 836 1604 servando
852 1544 1054 1603 iuramentum
1074 1551 1203 1616 tenetur,
1227 1541 1305 1600 illud

59 1644 229 1704 wfaeinus
251 1643 427 1723 adimplere.
472 1645 514 1705 Et
536 1646 578 1705 sic
601 1646 723 1705 racione
746 1645 869 1724 dyaboli
884 1654 1005 1706 tenetur
1020 1665 1143 1706 manere
1158 1653 1305 1724 perpetuo

101 1747 135 1806 in
163 1767 217 1806 suo
240 1747 365 1807 crimine
388 1757 493 1808 contra
515 1747 658 1808 Cristurn.

196 1848 259 1910 Sed
281 1851 347 1929 quis
370 1849 466 1911 fidelis
489 1872 550 1910 non
573 1850 765 1912 erubesceret
785 1853 874 1913 istam
898 1853 1063 1930 arguciam,
1088 1872 1158 1912 eum
1176 1849 1306 1910 fideliter

102 1953 258 2012 inferatur
272 1954 453 2032 oppositum,
470 1953 621 2014 subducta
633 1953 854 2032 philomantica
865 1964 929 2015 arte
944 1954 1078 2015 infideli?
1101 1953 1193 2015 Unde
1208 1973 1305 2014 ewan-

103 2053 221 2132 gelista
236 2061 248 2124 ΙΙ
264 2056 354 2117 docet
375 2057 407 2116 in
428 2057 488 2117 fine
510 2077 563 2116 sue
578 2057 671 2118 tercie
686 2058 812 2137 epistole
828 2058 904 2119 filios
924 2079 993 2118 suos
1009 2057 1178 2118 carissimos
1194 2077 1212 2116 a
1226 2055 1305 2115 filar-
1318 2057 1478 2110 libatam

62 2162 91 2207 15
102 2158 188 2234 giria
203 2155 394 2236 precaverel,
413 2160 470 2220 hoc
486 2169 532 2220 est
547 2159 586 2220 ab
602 2181 704 2220 amore
718 2161 826 2222 illicito
841 2169 1037 2222 terrenorum.
1068 2159 1185 2221 Cristae
1204 2167 1307 2219 antem

104 2281 147 2320 ex
173 2260 233 2321 lide
255 2261 345 2323 docet
366 2271 462 2324 artem
485 2264 609 2324 amandi
624 2263 886 2343 perfectissimam.
923 2265 996 2344 Ipse
1018 2273 1121 2324 autem
1144 2263 1219 2322 dicit
1239 2261 1306 2321 Ich.

107 2369 183 2424 13⁶:
208 2365 386 2426 mandatum
401 2387 514 2427 novum
538 2366 576 2428 do
600 2367 695 2441 vobis,
720 2377 754 2428 ut
776 2368 911 2446 diligatis
932 2369 1073 2440 invicem,
1097 2367 1177 2428 sicut
1198 2375 1230 2425 et
1252 2384 1308 2442 ego

105 2467 208 2527 dilexi
231 2489 293 2540 vos,
319 2479 352 2528 ut
373 2478 404 2529 et
426 2490 480 2530 vos
503 2469 637 2547 diligatis
659 2471 800 2544 invicem,
833 2472 919 2552 quasi
947 2471 1074 2532 diceret:
1102 2469 1160 2530 hoc
1183 2467 1308 2529 manda-

105 2581 177 2630 tum
193 2570 232 2631 de
254 2571 422 2633 dileccione
444 2573 483 2633 do
502 2572 589 2634 vobis
604 2573 731 2647 noviter,
756 2583 790 2635 ut
811 2596 866 2636 vos
887 2575 1022 2654 diligatis
1044 2572 1240 2643 adinvicem,
1265 2591 1308 2630 se·

61 2675 247 2734 Pvcundum
269 2675 407 2748 formam,
432 2696 492 2756 qua
514 2696 571 2754 ego
594 2677 688 2755 diligo
710 2677 864 2756 apostolos
887 2699 982 2750 meos,
1007 2697 1097 2757 quam
1121 2696 1177 2753 ego
1199 2673 1310 2753 practi-

106 2780 180 2839 zavi
202 2779 233 2838 in
256 2779 401 2840 illistam
424 2800 515 2859 opere
547 2801 638 2860 quam
665 2800 812 2842 sermone.
857 2781 959 2841 Aliter
980 2781 1062 2841 enim
1084 2800 1145 2839 non
1167 2787 1213 2837 est
1236 2797 1309 2837 vera

106 2880 250 2953 dilecci0,
274 2881 327 2941 sed
350 2882 452 2942 odium
474 2881 736 2962 philonranticum,
761 2885 842 2965 quod
865 2884 1014 2963 dyabolus
1036 2881 1214 2943 introduxit.

201 2985 249 3044 De
271 2985 438 3046 dileccione
461 2993 563 3046 autern
579 2985 671 3046 Cristi
694 2986 823 3066 legimus
841 2987 951 3048 Mattb.
974 2980 1044 3058 20⁶,
1069 2985 1150 3065 quod
1172 2985 1238 3065 ipse
1261 3004 1310 3043 ue-

108 3089 200 3166 rgavit
222 3088 360 3166 cognatis
383 3089 444 3149 suis
468 3089 537 3150 filiis
560 3088 691 3150 Zebedei
718 3090 883 3170 primatum
914 3089 1118 3162 mundanum,
1151 3097 1185 3148 ut
1206 3086 1312 3147 sedere

66 3197 98 3240 ²²⁵
110 3193 153 3253 ad
177 3191 318 3252 dextram
340 3213 427 3252 suarn
450 3202 481 3252 et
503 3193 665 3265 sinistram,
689 3193 743 3254 sed
759 3194 908 3254 concessit
922 3194 965 3253 eis
985 3185 1200 3272 paupertatem
1215 3211 1312 3251 ewan-

109 3294 244 3375 gelicam
277 3304 307 3356 et
333 3295 429 3356 instar
459 3296 507 3356 sui
529 3294 634 3356 bibere
656 3298 838 3376 passionem.
884 3294 1034 3369 Calicem,
1059 3295 1183 3375 inquit‘,
1212 3313 1313 3353 meum

111 3399 234 3482 bibetis.
280 3397 323 3459 Et
345 3398 394 3459 vel
417 3409 537 3478 oportet
559 3399 738 3472 concedere,
768 3399 848 3480 quod
871 3397 989 3460 Cristae
1011 3398 1070 3459 fuit
1091 3398 1229 3476 ingratus
1252 3396 1314 3456 suis

113 3501 255 3577 catenatis
277 3501 327 3562 vel
354 3501 518 3582 impotens,
551 3503 600 3564 vel
628 3524 666 3564 ex
689 3504 863 3563 sinceritate
889 3503 1000 3564 amoris
1031 3502 1092 3562 illis
1123 3506 1316 3561 concesserat

113 3605 197 3665 istud
221 3603 344 3664 bonum.
389 3605 463 3666 Ideo
486 3607 640 3687 sequendo
663 3626 796 3666 amorem
818 3604 918 3679 Crieti,
948 3614 982 3666 nt
1004 3604 1132 3686 quilibet
1154 3603 1315 3663 cristianus

69 3712 104 3756 ³⁰
114 3717 238 3768 tenetur
260 3728 299 3768 ex
318 3707 390 3780 fide,
423 3709 512 3768 factis
535 3709 626 3769 cartis
649 3708 761 3770 talibus
784 3709 832 3770 vel
855 3708 1033 3769 iuramentis
1060 3707 1173 3766 illicitis
1197 3713 1316 3765 tenetur

115 3812 215 3872 lidelie
238 3811 307 3890 ipsa
327 3810 508 3872 festinanter
530 3811 718 3891 disrumpere
741 3823 772 3872 et
792 3811 854 3890 legi
877 3812 991 3872 domini
1013 3809 1145 3870 obedire.

204 3911 298 3974 Carta
326 3915 405 3973 enirn
427 3915 484 3974 iste
506 3913 644 3974 infideles
671 3934 732 3973 non
754 3924 825 3975 sunt
847 3913 1061 3993 euangelium,
1094 3911 1148 3972 sed
1174 3917 1317 3989 patenter

115 4017 251 4078 heretice
283 4026 389 4077 contra
419 4017 528 4096 ipsum.
573 4017 647 4077 Ideo
678 4017 704 4076 ei
734 4017 901 4078 secundum
933 4016 1032 4096 legem
1060 4015 1226 4074 humanam
1255 4034 1316 4072 non

334 4235 344 4266 ⁶
363 4237 977 4301 tdeqaotatioaisootaccurate,op.Lalce12,15
1029 4240 1038 4264 ⁶
1057 4241 1122 4286 υ.34
1175 4230 1226 4284 ‘a
1241 4233 1316 4300 siff.

292 4329 301 4352 ‘
319 4325 366 4389 syl.
380 4325 471 4374 Maus.
485 4329 526 4382 20,
538 4329 570 4375 22
