3304 5134
552 535 730 584 GENEBAL
751 534 879 584 INDEX.
1252 543 1313 602 725

103 705 206 754 Anima
235 704 350 754 humana
378 705 532 754 naturaliter
561 711 688 771 appetens
739 705 1276 770 1411115τί51115155115115111111561151557.

141 773 334 824 beatitudinem
353 775 410 823 221.
740 801 772 810 ·-
790 773 913 824 vendicat
930 790 987 824 esse
999 774 1119 826 dominus
1131 777 1245 827 omnium
1257 793 1316 827 con-

103 870 141 878 -
160 844 241 892 beata
258 842 449 907 quodammodo
469 844 526 892 148.
774 849 899 892 tratarum
918 851 966 894 etc.
986 846 1043 894 553.
1075 867 1079 876 ¹

103 911 689 1031 --5(11111113111515111151111ΞΞ1Ξ1ΖΞ111111151111172ῒιιῢθ
740 913 854 1031 -5ἓ1ἑ51
870 927 995 977 personas
1005 913 1315 978 impossibilitatasadeo

104 1007 141 1016 -
224 994 295 1044 pnan
355 996 381 1029 ru
461 997 503 1040 ns,
521 996 573 1046 que
592 997 627 1031 nn
640 997 661 1031 rr
826 1017 832 1028 .

143 1049 174 1098 in
191 1049 262 1098 scola
278 1047 378 1098 domini
394 1049 480 1098 forent
490 1049 591 1099 salvato
603 1050 631 1099 in
647 1067 688 1100 ce·
739 1076 773 1085 -
791 1055 831 1099 cst
848 1051 1001 1115 capitaneus
1019 1051 1125 1114 dyaboli
1142 1053 1200 1103 323.

140 1116 177 1166 lis
195 1118 253 1167 502.
739 1145 772 1154 -
799 1134 827 1168 se
854 1119 971 1168 nominat
996 1126 1098 1185 patrem
1126 1121 1316 1171 sanctissimum

102 1211 140 1221 —
164 1191 278 1250 pausant
295 1186 322 1234 in
339 1185 396 1236 loco
414 1201 430 1235 a
447 1186 497 1235 deo
515 1187 598 1237 electo
618 1188 675 1238 147.
774 1189 832 1236 559.

102 1281 140 1290 —-
160 1261 220 1320 post
236 1255 362 1304 salvande
379 1255 517 1319 quiescunt
534 1256 568 1305 ad
585 1261 689 1322 tempus
740 1283 772 1292 -
791 1255 886 1320 accipit
901 1255 985 1322 legios
1001 1255 1119 1306 homines
1140 1258 1168 1306 in
1186 1273 1317 1309 carcerem

142 1324 172 1372 in
190 1323 340 1388 purgatorio
360 1325 417 1374 110.
774 1325 831 1373 554.

102 1420 138 1428 -
159 1391 288 1441 5515115111
306 1392 496 1457 complemento
520 1393 688 1444 beatitudinis
739 1419 771 1428 —
790 1393 853 1442 facit
870 1393 953 1442 11111115
969 1394 1039 1443 bona
1056 1394 1083 1443 in
1101 1395 1214 1444 ecclesia
1231 1397 1289 1446 559.

140 1459 524 1579 tlttnttllltuttle
546 1531 689 1581 tumn
740 1487 771 1494 “’
790 1462 1134 1580 tituttttttttlm
1153 1465 1211 1514 ³⁶⁷·

142 1597 316 1647 affecionibus
336 1547 405 1648 147.Ρ
437 1547 456 1595 g
740 1599 865 1647 —timet
887 1599 1027 1648 falsitatem
1051 1600 1184 1665 discipulis
1201 1602 1254 1652 suis
1272 1617 1317 1667 pa-

100 1693 138 1703 -
158 1666 346 1731 participantes
362 1667 440 1732 plene
451 1667 582 1717 societatis
600 1667 690 1718 solacii
773 1666 824 1716 lam
843 1666 966 1733 detegere
985 1670 1042 1718 399.

140 1737 202 1786 147.
739 1761 771 1770 -
791 1735 901 1784 effundit
918 1737 1021 1802 pluvias
1038 1737 1088 1786 oeli
1107 1737 1164 1787 133.

99 1829 137 1839 -
158 1803 228 1852 vires
246 1803 416 1853 debilitantur
434 1805 491 1854 123.
739 1830 771 1838 -
790 1819 927 1868 perversus
939 1813 966 1854 et
978 1805 1105 1869 dyabolus
1117 1820 1186 1870 papa
1198 1813 1238 1856 est
1255 1809 1314 1858 349.

100 1888 201 1922 -rum
213 1871 384 1922 infidelissimi
395 1873 539 1937 proditores
557 1874 616 1922 703.
739 1900 771 1908 -
789 1873 894 1938 patulus
911 1888 980 1939 papa
998 1881 1037 1924 est
1055 1876 1118 1937 6863
1137 1876 1194 1925 687.

98 1967 138 1978 -
158 1941 235 2006 quies
253 1940 280 1990 in
298 1941 340 1989 die
358 1941 488 1990 doniinica
507 1943 563 1992 146.
739 1965 771 1975 -·
789 1942 817 1990 in
834 1941 992 1992 fundacione
1010 1949 1139 1992 sectarum
1155 1944 1252 1994 defecit
1269 1945 1316 1994 du·

99 2023 171 2058 -as
201 2009 363 2058 dominorum
393 2009 485 2060 fratres
514 2011 541 2058 in
567 2010 687 2060 custodia
771 2009 874 2075 pliciter
892 2011 950 2061 368.

139 2077 244 2127 habent
262 2079 320 2128 255.
739 2106 771 2114 —
790 2085 830 2128 est
848 2079 1000 2130 manifestus
1018 2079 1145 2144 dyabolus
1163 2082 1221 2130 363.

98 2161 171 2196 -as
193 2146 290 2196 multas
310 2145 479 2212 spiritualiter
498 2147 592 2198 occidit
616 2164 687 2214 papa
738 2174 770 2181 —
790 2146 927 2197 ecclesiam
936 2148 1075 2199 difficultat
1085 2149 1231 2199 cerimoniis
1242 2151 1317 2200 novis

95 2283 212 2334 Animal
229 2283 360 2332 racionale
378 2284 419 2334 76.
738 2311 769 2318 -
790 2285 928 2334 ecclesiam
945 2285 1040 2335 callide
1058 2285 1183 2337 illibertat
1200 2288 1258 2337 262.

94 2352 194 2401 -ium
205 2351 276 2400 sidus
285 2351 407 2402 nocivum
417 2353 496 2402 debet
509 2352 609 2403 destrui
626 2355 685 2404 353.
740 2352 793 2400 -11
822 2353 935 2404 vicarius
965 2355 1013 2404 scit
1045 2355 1158 2420 spoliare
1191 2356 1316 2421 populum

92 2420 234 2471 Animalia
252 2427 279 2470 et
290 2421 428 2483 dyabolica
445 2427 484 2470 est
500 2422 630 2487 sapientia
647 2438 686 2472 re·
774 2422 831 2472 133.

139 2489 205 2556 gulo
226 2491 266 2538 50.
739 2515 770 2524 -
789 2488 841 2540 due
859 2497 946 2556 partes
964 2507 991 2540 se
1009 2491 1079 2556 ipsas
1097 2492 1235 2542 destruunt
1256 2493 1315 2544 243.

92 2557 193 2608 Animi
206 2557 328 2607 fortitudo
346 2563 386 2608 ost
397 2563 518 2624 quartum
528 2559 624 2610 donum
636 2560 685 2625 spi·
737 2584 769 2595 -
787 2567 875 2624 partes
893 2559 984 2609 fideles
1001 2565 1126 2626 urgentes
1145 2562 1203 2610 244.

136 2628 206 2676 ritus
225 2627 308 2676 sancti
326 2628 384 2676 216.
736 2652 770 2662 -
788 2627 908 2692 discipuli
924 2627 1036 2693 pharisei
1054 2634 1116 2678 sunt
1134 2630 1190 2678 126.

94 2722 135 2732 -
152 2695 279 2744 fortitudo
292 2701 332 2744 est
340 2695 539 2760 perseverancia
549 2696 615 2763 legis
631 2697 684 2748 div.
737 2720 770 2731 -
788 2695 907 2814 discipulli
928 2696 1037 2763 obligati
1058 2697 1092 2747 ad
1118 2712 1213 2762 penam
1235 2699 1314 2748 acrio·

137 2765 199 2813 216.
771 2779 825 2814 rem
844 2767 901 2815 12.

92 2831 248 2884 Annuntim
270 2847 381 2898 regnum
402 2833 497 2899 Anglie
524 2833 596 2882 milia
618 2849 684 2883 mar·
737 2859 770 2868 -
789 2833 908 2898 discipuli
934 2839 1038 2898 satrape
1065 2834 1197 2884 maledicti
1225 2835 1314 2885 dicun-

137 2915 230 2950 carum
247 2900 373 2966 expendit
390 2901 417 2949 in
434 2901 563 2951 ministros
580 2902 684 2951 anticri-
771 2907 814 2951 tur
834 2902 891 2952 127.

137 2969 173 3019 sti
190 2970 249 3019 400.
737 2995 769 3004 -
788 2969 882 3020 ficticia
900 2971 1047 3020 confutatio
1065 2971 1124 3021 216.

92 3037 239 3090 Annulum
258 3053 367 3088 aureum
378 3037 437 3103 plus
447 3038 592 3104 ponderare
604 3054 684 3104 quarn
737 3065 769 3073 -
788 3039 879 3104 religio
897 3038 1022 3089 dilatatur
1041 3041 1099 3090 187.

136 3106 218 3156 fidem
238 3107 294 3156 170.
737 3134 769 3141 -
787 3107 972 3158 tradicionibus
989 3109 1114 3174 prepositi
1135 3125 1163 3159 se
1181 3110 1315 3176 implicant

91 3174 302 3226 Antecedencia
323 3175 410 3226 media
435 3175 469 3224 ad
495 3174 684 3226 beatitudinem
772 3177 829 3226 187.

138 3247 198 3293 149.
737 3270 770 3279 -
788 3244 907 3310 discipuli
924 3245 1053 3295 seducunt
1065 3246 1176 3296 multum
1188 3249 1314 3314 populum

91 3313 261 3364 Anticristus
279 3317 389 3362 vocatur
404 3327 474 3378 papa
492 3315 550 3363 243.
772 3315 829 3363 149.

94 3409 134 3418 -—
155 3381 290 3430 extollitur
307 3397 385 3446 super
403 3381 514 3432 Cristum
532 3384 578 3445 993
597 3382 656 3432 457.
736 3410 768 3418 -
787 3382 900 3432 vicarius
916 3383 1048 3447 prefectus
1065 3382 1186 3435 fidelibus
1205 3387 1262 3436 133.

92 3477 135 3488 -
154 3449 219 3515 quid
237 3449 269 3499 de
281 3450 410 3515 preceptis
422 3450 520 3500 domini
536 3451 681 3501 1115111216.
736 3450 937 3500 -115511515515
957 3453 1014 3502 140.

92 3545 135 3556 -
154 3525 218 3568 sunt
235 3525 305 3568 secte
324 3521 365 3568 64.
737 3543 769 3552 -
786 3525 848 3568 sunt
865 3519 968 3569 ordines
987 3521 1043 3570 193.

93 3615 134 3624 -
153 3586 296 3652 precipuus
313 3601 383 3652 papa
395 3593 434 3637 est
451 3588 510 3638 671.
735 3612 769 3622 -
786 3595 866 3653 caput
883 3588 995 3638 divisum
1013 3591 1071 3638 604.

93 3683 133 3695 -
154 3656 260 3720 estqui
281 3655 337 3704 sine
359 3654 435 3705 Cristi
454 3656 564 3706 licencia
582 3656 682 3722 obligat
736 3679 768 3690 -
787 3655 904 3706 habitum
922 3663 993 3706 secte
1010 3658 1199 3708 1115151369.

134 3723 172 3774 ad
196 3723 252 3773 eius
270 3724 390 3774 iniuriam
413 3740 473 3774 suos
495 3740 583 3774 servos
602 3727 660 3774 234.
734 3749 767 3760 -
787 3725 906 3791 discipuli
923 3725 1061 3790 sophistice
1080 3727 1237 3792 respondent
1254 3727 1313 3778 373.

94 3821 132 3832 -
151 3791 295 3858 precipuus
313 3792 427 3842 occiduis
444 3808 513 3859 papa
530 3799 570 3843 est
588 3795 645 3844 396.
735 3793 1311 3859 -·(1155155111111111511151555555155372.

94 3891 131 3899 -
152 3867 196 3912 est
213 3861 324 3911 ecclesia
341 3862 546 3928 malignancium
563 3864 621 3913 397.
737 3888 769 3897 -
787 3862 907 3928 discipuli
933 3863 981 3912 sibi
1008 3863 1193 3913 insensibiliter
1218 3871 1315 3914 nocent

97 3959 133 3968 -
155 3935 301 3996 quatemus
314 3938 434 3996 papaest
452 3931 510 3981 671.
770 3931 830 3983 372.

94 4028 131 4037 -
152 3999 248 4049 desum
270 3999 414 4048 secuudum
434 3999 612 4049 substanciam
637 3999 683 4048 im·
737 4000 892 4049 -fallacie
913 3999 1040 4050 inducunt
1061 3999 1197 4065 perfidiam
1224 4007 1315 4051 contra

133 4082 257 4135 pugnare
275 4084 328 4117 non
345 4075 431 4133 potest
449 4071 506 4119 699.
770 4068 882 4118 (1115111111
900 4069 959 4118 251.

97 4163 131 4175 -·
154 4143 249 4186 contra
261 4135 373 4186 Cristum
390 4136 418 4185 iu
430 4137 551 4186 membris
563 4137 615 4186 suis
628 4136 684 4202 agit
736 4137 924 4186 —licenciam
946 4136 1066 4186 dominus
1090 4137 1213 4187 secularis
1235 4137 1317 4189 habet

95 4303 132 4312 —-
153 4273 245 4322 divisit
262 4287 343 4338 papas
362 4275 420 4324 598.
736 4301 768 4309 -
787 4275 893 4340 argucie
912 4274 1015 4340 singule
1033 4279 1060 4324 51
1076 4273 1156 4324 1111115
1174 4276 1234 4326 197.
