3304 5134
410 605 470 662 708
814 597 1006 646 IOHANNIS
1029 596 1168 652 WIOLIF,
1462 592 1531 663 [cap.
1552 595 1597 644 γη

409 772 478 844 166,
502 771 574 850 quia
596 769 724 830 dileccio
747 769 796 829 dei
824 779 855 830 et
875 768 1021 848 proximi:
1052 767 1085 828 16
1115 767 1162 828 his
1193 769 1274 828 enim
1304 767 1424 830 duobus
1455 769 1594 829 mandat'n

356 933 358 940 ,
409 875 551 934 universa
581 872 633 934 lex
664 872 778 950 pendet
808 881 839 932 61
868 873 1029 950 prophete,
1071 880 1106 931 ut
1136 872 1225 932 docet
1254 869 1371 932 Oriatus
1393 870 1511 933 Matth.
1536 875 1594 930 22&

408 977 498 1048 Nam,
529 985 562 1035 ut
577 976 668 1036 docet
681 971 881 1049 Averroes⁵'¹,
901 975 926 1034 61
940 974 1036 1035 frater
1050 975 1236 1052 cognoverit,
1253 983 1350 1035 totum
1365 985 1486 1036 661666
1500 987 1594 1054 parta.

409 1099 447 1138 ex
471 1099 529 1158 quo
552 1087 697 1139 secuntur
711 1077 920 1138 conclusiones
940 1077 1036 1137 multe
1051 1076 1108 1138 sibi
1129 1077 1291 1155 incognite,
1315 1077 1389 1138 licet
1411 1078 1443 1138 in
1468 1099 1525 1138 666
1545 1093 1593 1137 arn

409 1181 632 1260 nigromantica
653 1202 715 1242 non
736 1181 852 1241 fuerint
873 1189 1058 1258 expressate.
1168 1189 1173 1202 ’
1611 1195 1618 1238 5

918 1420 1004 1479 CAP.
1036 1420 1100 1480 VII.

496 1591 557 1652 Sed
580 1591 674 1652 tercio
696 1591 840 1662 instatur,
872 1590 954 1670 quod
976 1591 1113 1652 membra
1144 1591 1301 1652 divisionis
1323 1591 1513 1664 coincidunt,
1541 1611 1594 1651 cun

409 1694 577 1756 secundum
599 1694 763 1754 fantasiam
786 1714 887 1754 meam
910 1693 1014 1753 clerici
1036 1693 1150 1754 debent
1171 1715 1210 1754 ex
1232 1693 1301 1772 lege
1316 1693 1434 1754 domini
1455 1693 1594 1754 laborare:

410 1808 441 1858 et
462 1817 517 1876 per
546 1815 733 1875 consequens
765 1804 835 1869 stat,
867 1796 958 1856 simul
989 1797 1108 1876 aliquas
1134 1817 1280 1876 personas
1303 1795 1434 1856 66616616
1456 1817 1524 1856 esse
1551 1794 1595 1855 els-
1634 1775 1635 1812 ³

409 1901 486 1961 rioos
511 1910 541 1960 et
562 1899 675 1959 milites
698 1919 734 1958 ac
757 1899 854 1959 eciam
876 1898 1061 1960 laborantes.
1099 1898 1216 1960 Paulus
1239 1899 1321 1959 enim
1347 1897 1515 1978 solempnis
1536 1898 1595 1976 epis·
1634 1893 1635 1906 ¹

410 2024 504 2081 copus
527 2003 588 2063 suia
611 2001 752 2062 manibus
774 2000 935 2074 laboravit,
959 2013 994 2063 ut
1014 2009 1101 2081 patet
1121 2001 1192 2062 Act.
1215 2005 1282 2062 20³⁴
1603 2008 1620 2049 l‘

496 2105 559 2165 Sed
574 2105 623 2164 hio
639 2105 751 2165 dicitur
770 2104 975 2178 concedendo,
999 2104 1080 2184 quod
1102 2103 1240 2166 membra
1254 2105 1313 2165 ista
1329 2104 1518 2174 coincidunt,
1539 2103 1594 2162 lira

410 2208 547 2268 raciones
581 2207 719 2267 habeant
752 2208 963 2285 impermixtos
970 2230 977 2280 ;
1015 2207 1083 2268 ideo
1114 2207 1314 2286 probabiliter
1345 2206 1495 2275 creditur,
1531 2203 1595 2284 quod

410 2331 524 2387 magna
546 2331 616 2389 pars
639 2310 768 2371 fratrum
791 2309 884 2370 debet
905 2330 971 2370 esse
994 2310 1032 2370 de
1054 2310 1149 2371 tercia
1170 2319 1258 2389 parte
1273 2308 1403 2370 ecclesie
1425 2307 1594 2369 laborantes.

410 2412 491 2472 Nam
514 2433 552 2472 ex
575 2433 678 2473 eorum
701 2421 879 2491 presumpta
901 2413 1036 2474 stulticia
1063 2423 1109 2473 est
1130 2414 1226 2474 tercia
1248 2432 1320 2492 pars
1342 2410 1474 2472 ecclesie
1496 2412 1527 2470 in
1546 2409 1594 2470 cul·

409 2514 525 2575 toribus
548 2524 578 2576 et
600 2515 745 2593 operariis
768 2514 926 2574 diminuta.
1603 2518 1620 2560 ¹⁴⁵

495 2617 538 2678 Et
559 2619 585 2678 si
607 2617 745 2690 obicitur,
778 2617 858 2696 quod
881 2617 990 2678 eadem
1010 2627 1055 2679 est
1075 2617 1210 2678 obieceio
1234 2627 1341 2678 contra
1362 2637 1412 2677 me
1434 2617 1542 2696 ipsum,
1562 2613 1595 2672 di·

410 2722 497 2793 citur,
521 2721 603 2800 quod
625 2741 664 2780 ex
687 2721 791 2798 gracia
807 2719 864 2780 deo
885 2721 963 2798 elegi
985 2719 1070 2781 illam
1093 2731 1213 2799 partem
1236 2719 1378 2792 ecclesie,
1403 2740 1495 2799 quam
1518 2715 1595 2776 domi·

410 2843 466 2883 nus
490 2821 683 2902 approbavit,
708 2830 739 2882 et
759 2823 951 2883 voluntatem
972 2823 1071 2884 habeo
1086 2821 1248 2882 laborandi
1263 2822 1295 2881 in
1318 2820 1368 2882 dei
1391 2822 1519 2882 servicio
1539 2837 1594 2879 con-

409 2925 547 2986 formiter
568 2925 614 2985 illi
629 2926 719 3005 parti.
765 2924 829 2986 Sed
854 2945 911 2985 666
937 2925 1048 2985 fratres
1075 2926 1176 2985 sciunt
1197 2923 1342 2996 fimdare,
1366 2925 1449 3004 quod
1472 2943 1510 2984 ex
1531 2919 1593 2981 ordi·

409 3028 537 3088 nacione
559 3028 674 3088 domini
697 3026 811 3087 debent
841 3047 906 3088 6666
937 3037 1040 3107 partes
1069 3027 1196 3088 ecclesie
1224 3027 1400 3100 militantis,
1432 3026 1620 3087 6666616616Ι

410 3131 467 3190 nisi
497 3151 553 3209 per
584 3129 797 3209 blasphemum
828 3129 1023 3190 mendacium
1053 3130 1197 3203 fundare,
1230 3130 1312 3209 quod
1343 3129 1478 3192 debeant
1507 3127 1593 3188 taliter

410 3232 593 3293 mendicare.
630 3231 705 3292 Ideo
727 3231 843 3292 habent
864 3233 953 3293 nimis
976 3232 1077 3293 debile
1098 3232 1345 3294 fundamentum.
1383 3231 1475 3294 Unde
1495 3226 1592 3308 aliquid

410 3333 528 3394 Cristus
550 3334 655 3394 docuit
676 3354 768 3412 opere
790 3345 821 3395 et
838 3355 977 3396 sermone
999 3345 1031 3396 et
1052 3335 1168 3415 aliquid
1190 3335 1417 3408 taciturnitate3
1445 3354 1534 3414 opere
1553 3330 1592 3391 16
1634 3351 1635 3418 ἦ

410 3437 486 3509 6611,
518 3436 599 3516 quod
627 3437 800 3497 sacerdotes
822 3447 894 3498 6661
915 3439 1040 3500 6666166
1067 3439 1229 3516 arguendi,
1263 3439 1388 3518 quando
1415 3434 1592 3497 intrandoiu

409 3539 558 3619 templum
590 3538 679 3616 eiecit
710 3539 876 3600 vendentes
908 3549 938 3600 et
969 3550 1103 3601 ementes
1139 3541 1172 3600 in
1202 3540 1269 3613 illo,
1302 3551 1338 3601 ut
1367 3549 1452 3620 patet
1480 3537 1543 3598 Iob.
1565 3528 1635 3598 9⁵:¹5}

409 3641 663 3701 6111166661.ο
705 3639 834 3721 Aliquid
866 3651 968 3703 auam
1000 3643 1104 3704 nocua
1134 3644 1207 3705 viva
1237 3663 1329 3716 voce,
1362 3644 1441 3704 sicut
1461 3649 1591 3721 paterer
1634 3604 1635 3666 l

408 3743 548 3803 doctrina
580 3763 636 3804 sua
658 3744 852 3822 euangelica,
885 3766 977 3825 quam
1000 3745 1158 3806 habemus.
1204 3745 1377 3806 Omissione
1400 3765 1471 3806 vero
1494 3739 1589 3804 doccia

408 3855 469 3905 tres
491 3855 590 3907 sectas
613 3845 838 3923 religiosorum,
862 3867 921 3926 que
949 3857 1037 3908 erant
1058 3848 1091 3908 in
1112 3867 1167 3910 666
1189 3859 1341 3929 tempore,
1366 3857 1547 3916 cessaturas,
1567 3855 1590 3898 a:

623 4035 641 4058 '⁴
660 4037 728 4082 610
805 4037 818 4060 '¹
836 4051 874 4096 cp.
887 4037 1017 4096 Arrerraer,
1037 4035 1164 4084 Coomreul.
1183 4036 1210 4082 in
1222 4036 1303 4085 Arici.
1322 4051 1371 4098 op„
1382 4035 1419 4082 ed.
1434 4032 1514 4080 Vesci.
1528 4031 1589 4080 1519.

581 4119 709 4166 Commeat.
727 4118 754 4165 in
772 4119 884 4182 Mataplr.
908 4119 968 4168 VII
984 4137 1038 4184 cap.
1058 4126 1087 4178 3,·
1105 4121 1153 4169 ool.
1176 4120 1259 4176 VIII,
1279 4121 1371 4187 reeff.

624 4203 699 4250 CAP.
723 4201 787 4251 VII.
821 4208 918 4255 “vor
987 4203 1083 4257 ⁶th
1153 4207 1292 4272 ⁶v.19ff.

577 4305 751 4312 -—-—-.—-

477 4352 488 4380 ⁶
506 4369 628 4418 averroys
640 4355 699 4404 MS.
