3262 5132
490 1423 736 1488 JOHANNIS
762 1422 928 1488 WlGLIF

151 1637 227 1710 DE
260 1635 476 1708 DUOBUS
511 1635 825 1708 GENERIBUS
857 1632 1263 1706 HEREPICORUM.

701 1873 742 1924 De
760 1873 862 1924 duobus
879 1871 1019 1939 generibus
1035 1870 1216 1922 hereticorum.

662 2047 746 2054 -a

191 2201 200 2284 l,
209 2201 281 2261 Duo
304 2211 375 2262 sunt
396 2221 508 2281 genera
531 2201 741 2273 hereticorum,
755 2197 757 2282 1
770 2201 807 2260 de
830 2199 939 2282 quibus
953 2200 1031 2260 foret
1045 2197 1161 2279 Anglia
1175 2196 1226 2278 ex}
1234 2218 1303 2281 pur-
1312 2201 1321 2252 l
1331 2201 1461 2293 ⁸32¹»ssss

102 2305 218 2383 ganda.
255 2305 350 2366 Primi
372 2314 443 2366 sunt
464 2305 639 2385 symoniaci,
660 2301 664 2385 Ι
685 2305 735 2386 qui
758 2311 828 2364 sunt
850 2323 953 2363 omnes
970 2321 1059 2384 pape,
1083 2303 1226 2384 episcopi,
1251 2323 1302 2364 cu·
1386 2283 1391 2296 ’

102 2409 163 2469 rati
194 2407 244 2470 vel
275 2407 478 2489 prebendarii,
511 2407 562 2489 qui
593 2415 745 2488 occupant
775 2405 949 2486 symoniace
970 2405 1186 2486 patrimonium
1209 2406 1303 2467 cruci·

103 2512 166 2572 fixi.
213 2510 347 2574 Secundi
378 2520 449 2572 sunt
478 2509 648 2592 apostatici,
680 2510 731 2591 qui
758 2518 828 2571 sunt
850 2529 953 2570 omnes
975 2507 1086 2582 clerici,
1118 2507 1171 2570 sed
1192 2507 1303 2589 prelati

80 2615 259 2695 rprecipue,
283 2616 334 2696 qui
357 2615 533 2676 discredunt
554 2614 653 2676 medie
678 2613 759 2694 parti
780 2611 851 2674 fidei
878 2611 1037 2685 catholice,
1061 2633 1121 2693 qua
1144 2611 1303 2673 cristianus

104 2719 211 2792 credit,
244 2719 324 2800 qood
348 2717 464 2779 Cristae
485 2717 582 2780 viavit
603 2717 636 2777 in
660 2716 748 2778 terris
769 2715 936 2778 secundum
966 2715 1062 2776 vitam
1092 2735 1208 2776 summe
1229 2735 1304 2795 pau-

104 2828 229 2901 percm‘¹
260 2830 292 2882 et
320 2820 472 2902 penalem.
516 2819 554 2882 In
583 2820 639 2882 illa
668 2829 770 2882 autem
794 2820 858 2881 vita
879 2819 904 2880 si
926 2814 983 2880 sit¹
1015 2818 1159 2891 fidelitas,
1192 2817 1304 2879 dcbcnt

104 2925 278 3005 quicunque
300 2924 435 3004 episcopi
456 2924 654 3005 propinquius
676 2923 761 3003 sequi
782 2921 924 2984 Cristum.
969 2920 1047 2982 Cum
1074 2929 1176 2984 autem
1199 2940 1302 2982 omnes

105 3027 231 3089 heretici
263 3037 333 3088 sunt
363 3027 483 3108 leprosi,
515 3027 566 3107 qui
597 3026 711 3088 debent
731 3026 897 3088 secundnm
920 3025 1120 3104 ewangelium
1142 3023 1219 3085 Luc.
1245 3017 1302 3084 14¹³

69 3139 185 3198 restare
209 3151 228 3190 a
249 3129 340 3210 longe
361 3140 392 3192 et
406 3130 509 3191 vivere
531 3139 618 3192 extra
640 3129 865 3210 castre,1tquia
885 3128 1083 3209 nephandum
1105 3128 1191 3200 foret,
1216 3146 1302 3206 reges
1315 3145 1324 3198 p
1337 3147 1399 3198 ssu
1412 3123 1464 3188 nia

106 3242 138 3294 et
166 3234 319 3295 seculares
349 3233 486 3295 dominos
517 3231 630 3294 habere
660 3232 738 3295 tales
764 3232 898 3314 leprosos
925 3230 1110 3293 consiliarios
1133 3229 1183 3292 vel
1205 3230 1248 3292 eis
1269 3230 1302 3289 in

107 3336 160 3397 tali
182 3337 363 3418 duplicitate
378 3331 571 3410 coneenfim',
593 3357 655 3397 non
670 3335 805 3410 dubium,
829 3334 902 3417 quin
916 3331 1081 3414 contingit³
1104 3353 1232 3413 regnum
1247 3352 1302 3412 per

106 3439 182 3500 tales
213 3440 348 3520 leprosos
379 3439 564 3501 consiliarios
591 3439 791 3501 contaminari
812 3438 995 3518 generaliter
1016 3446 1049 3499 et
1069 3435 1302 3517 perturbacione

108 3543 271 3604 secundum
305 3543 395 3606 deum
418 3550 450 3603 et
470 3541 622 3603 hominem
643 3541 907 3604 irremediabiliter
927 3541 1047 3602 irretiri.
1091 3540 1135 3600 Et
1154 3539 1235 3601 idem
1258 3546 1304 3600 eet

72 3646 251 3712 rriudicium
274 3647 312 3708 de
334 3665 483 3707 consensu
504 3644 586 3720 oleri,
609 3645 673 3708 sive
695 3645 808 3706 fuerint
822 3645 956 3726 episcopi
977 3645 1041 3706 sive
1055 3641 1224 3725 presbyteri
1239 3642 1302 3704 sive

112 3778 322 3785 ——.......-—-
335 3778 372 3783 -
383 3777 448 3784 ..—

318 3819 331 3845 ⁶
351 3816 409 3865 uuir
425 3817 447 3865 ir
465 3817 504 3866 rte
520 3817 578 3865 view
595 3816 628 3880 of
640 3818 680 3865 tie
697 3817 861 3865 limciccarrr
877 3815 910 3879 of
923 3817 963 3878 rte
978 3815 1078 3864 atrio-ter
1094 3813 1245 3874 odacrum,
1263 3829 1301 3877 cp.

276 3903 392 3960 numae,
408 3901 468 3951 Lar
487 3903 648 3968 Christiani&
670 3901 735 3959 VII,
752 3906 841 3966 copti
910 3897 960 3951 ¹⁵u.
973 3905 1004 3952 ‘21
1019 3901 1049 3967 ff.

177 4055 186 4084 ¹
203 4058 224 4107 si
241 4073 278 4108 as.
296 4056 329 4106 sit
344 4057 415 4120 (ric)
431 4057 485 4106 cod.
560 4051 689 4106 ’bonores
706 4055 858 4122 duplicitate
876 4056 927 4104 and
943 4053 1089 4106 consentire
1107 4055 1147 4104 tic
1162 4053 1242 4104 rorida
1258 4054 1304 4104 doe

111 4141 157 4205 lesi
171 4160 188 4190 a
203 4143 279 4192 blank
295 4159 380 4208 rpoce;
401 4143 420 4192 I
434 4142 530 4200 bellem
541 4144 571 4192 lte
581 4142 655 4192 could
671 4147 714 4192 not
730 4143 793 4192 read
810 4140 961 4207 duplicitate
978 4143 1004 4190 iu
1015 4142 1053 4190 hir
1064 4139 1173 4204 eripiant
1184 4140 1235 4188 arrd
1247 4138 1302 4204 left,

111 4245 130 4275 a
144 4245 213 4292 φασι
229 4235 268 4280 too
286 4229 357 4292 torpe
373 4229 416 4293 for
433 4231 473 4278 ue
488 4229 558 4278 word
573 4231 651 4278 which
667 4230 719 4278 laad
735 4233 761 4280 to
778 4229 806 4278 be
823 4228 905 4278 added
922 4227 1073 4292 oftawarda
1144 4221 1157 4253 ⁸
1173 4224 1300 4292 contingit

112 4329 142 4360 or
157 4316 281 4378 convenit,
300 4318 340 4366 ue
357 4315 523 4364 atermiction
540 4317 562 4364 ir
578 4320 621 4364 aot
638 4315 707 4364 clear
