3286 5134
347 542 408 599 628
774 535 966 583 notrannus
989 535 1128 594 aucnm,
1435 531 1532 601 tear-1

345 707 520 790 presbiteris
551 729 642 788 quam
674 707 785 778 laicis‚‘
816 708 897 787 quod
929 729 966 767 ex
997 709 1196 786 instigacione
1219 728 1275 769 sua
1297 709 1338 768 ad
1360 729 1489 788 pugnam
1508 720 1532 768 et

347 812 468 872 defectu
499 811 570 871 fidei
595 809 763 870 orthodoxe
790 809 907 870 inducit
931 810 1000 871 illos
1021 811 1053 870 in
1075 811 1310 889 temptacionem
1334 820 1365 871 et
1387 812 1533 872 necessitat

347 914 387 974 ad
410 922 570 994 peccatum
593 932 686 992 usque
709 912 750 973 ad
772 923 898 973 mortem
915 913 963 974 vel
986 914 1018 973 in
1040 923 1178 974 sanctum
1201 915 1340 993 spiritum
1361 915 1532 976 committen-

347 1018 429 1077 dum.
474 1017 540 1076 Nec
572 1015 753 1094 irregulares
784 1011 962 1095 prescitos³¹
990 1025 1089 1094 potest
1115 1017 1155 1078 ad
1177 1011 1442 1095 regularitatem³²
1462 1017 1532 1076 resti·

347 1130 431 1180 tuere
453 1119 503 1180 vel
526 1117 683 1179 absolvere
706 1129 740 1179 ut
761 1119 926 1179 salventur.
1552 1135 1561 1178 t

433 1222 475 1282 Et
505 1231 599 1300 patet,
632 1221 712 1301 quod
735 1241 797 1282 non
819 1213 929 1281 omnia¹
943 1217 1042 1282 dictas
1062 1223 1099 1283 de
1122 1220 1369 1284 absolucionibus
1392 1231 1532 1301 tamquam

348 1324 548 1403 ewangelium
571 1333 642 1384 sunt
663 1321 857 1386 credenda.³³
886 1324 929 1384 Et
947 1325 989 1384 sio
1005 1326 1158 1404 proposito
1173 1321 1370 1405 peecatore³⁴
1385 1334 1417 1386 et
1430 1335 1533 1386 ostenso

348 1438 490 1508 peceato,
522 1428 603 1508 quod
630 1427 750 1487 ridetur
777 1428 809 1487 in
837 1426 961 1487 arbitrio
983 1447 1063 1507 pape
1085 1427 1167 1501 leve,
1200 1429 1297 1489 nescit
1318 1449 1388 1488 eum
1411 1426 1533 1487 omnibus

349 1527 443 1592 tuis³⁵
474 1529 694 1602 cardinalibus,
727 1531 752 1590 si
782 1528 877 1590 habet
899 1526 1115 1608 potestatem³⁶
1136 1532 1235 1610 ipsum
1258 1529 1349 1610 plene
1371 1529 1533 1590 absolvendi

349 1635 388 1695 de
413 1633 602 1714 plenitudiue
625 1633 797 1711 potestatis,
830 1633 900 1712 quia
923 1633 1032 1706 nescit,
1065 1634 1090 1694 si
1112 1643 1255 1712 peccator
1276 1633 1329 1694 ille
1351 1635 1402 1694 vel
1423 1635 1533 1713 ipsemet
1543 1651 1564 1693 to

349 1739 389 1798 sit
417 1736 575 1816 prescitae.
619 1735 689 1795 Nou
716 1755 787 1814 ergo
809 1736 971 1813 temptavit
992 1755 1074 1814 papa
1095 1736 1252 1816 hueusque
1275 1757 1398 1796 suorum
1419 1736 1534 1797 hostium

349 1841 487 1900 ultimam
510 1833 742 1910 voluntatem,³⁷
776 1837 847 1916 quia
868 1857 925 1898 nee
947 1835 1149 1916 predicavit³⁸
1171 1839 1233 1900 illis
1255 1838 1467 1918 ewangelium,
1489 1857 1535 1898 nec

349 1943 529 2004 remittendo
565 1941 706 2002 iniuriam
743 1939 934 2000 renunciaait
970 1942 1051 2002 omni
1088 1942 1181 2002 statui
1210 1963 1264 2003 suo
1296 1962 1433 2014 cesaree,
1469 1939 1536 2021 quod

350 2040 486 2106 tamen³⁹
509 2043 601 2105 debet
622 2043 718 2104 omnis
740 2043 881 2104 sacerdos
903 2053 933 2104 et
955 2044 1128 2123 specialiter
1148 2065 1232 2124 papa
1254 2045 1369 2118 faeere,
1398 2066 1465 2106 cum
1484 2042 1536 2104 Cri·

351 2158 414 2209 stus
441 2148 524 2209 dieat
545 2147 621 2208 Luc.
647 2151 718 2206 14⁹:
751 2147 847 2206 omnis
869 2166 908 2206 ex
932 2146 1031 2218 vobis,
1064 2147 1116 2226 qui
1137 2167 1200 2207 non
1221 2148 1381 2208 renunciat
1403 2145 1566 2215 omnibuett

351 2272 410 2332 que
431 2250 575 2330 possidet,
600 2270 663 2310 non
684 2260 784 2328 potest
805 2269 890 2310 meus
913 2269 976 2310 esse
999 2248 1175 2327 discipulus.
1221 2249 1429 2330 Dyabolicum
1449 2250 1537 2327 itaque

350 2355 429 2415 soret
450 2352 620 2426 concilium,
643 2352 725 2413 istud
747 2352 965 2429 euangelicum
988 2351 1080 2412 Cristi
1102 2352 1253 2413 dimittere
1276 2363 1307 2414 et
1327 2350 1537 2414 inducendoin

351 2456 586 2535 temptacionem
613 2454 712 2516 finalis
734 2455 946 2533 impenitencie
968 2475 1052 2534 spem
1075 2453 1185 2516 falsam
1209 2455 1247 2516 de
1269 2454 1464 2516 absolucione
1483 2474 1537 2534 pro

351 2560 479 2620 mittere.
523 2557 566 2618 Et
587 2558 631 2619 sic
653 2558 725 2618 licet
746 2558 778 2617 in
800 2557 867 2636 lege
890 2558 986 2618 veteri
1008 2558 1095 2618 licuit
1116 2557 1297 2636 patriarchis
1319 2555 1491 2637 pugnarem
1512 2566 1538 2616 ut

351 2662 488 2735 Abrahe,
511 2661 614 2721 David
638 2669 668 2721 et
690 2661 806 2733 ceteris,
832 2656 933 2721 eum⁴¹
957 2661 997 2720 ad
1017 2660 1075 2721 hoe
1096 2681 1135 2721 ex
1150 2661 1340 2722 revelacione
1356 2662 1468 2722 domini
1481 2674 1568 2722 suntm

351 2764 497 2836 mandati,
521 2773 624 2824 tamen
645 2773 782 2843 tempore
805 2763 881 2841 legis
902 2762 1004 2841 grecie
1026 2763 1205 2842 splendente
1221 2761 1312 2824 Cristi
1334 2764 1499 2825 humilitate
1516 2773 1539 2822 et

201 2895 210 2946 Ι·
223 2893 287 2943 esa.
297 2890 349 2932 rto»
358 2867 515 2947 paciencia
540 2887 602 2927 non
628 2866 729 2939 video,
759 2866 909 2946 quomodo
931 2865 1004 2926 lieet
1026 2866 1118 2926 elicui
1140 2875 1171 2927 et
1191 2866 1364 2945 specialiter
1380 2873 1392 2936 11
1408 2865 1539 2928 sacerdoti
1614 2939 1615 2949 ἵ

352 2969 444 3031 Cristi
465 2970 528 3031 sine
550 2968 739 3030 revelacione
761 2968 934 3030 huiusmodi
955 2969 997 3029 sio
1020 2988 1148 3047 pugnat.

437 3071 480 3133 Et
501 3080 648 3152 quantum
671 3071 712 3131 ad
733 3066 846 3131 illud⁴²
860 3071 936 3132 Luc.
954 3065 1013 3130 22l
1029 3067 1238 3150 allegatum,‘³
1259 3071 1378 3132 dictum
1398 3081 1451 3146 eet,
1472 3067 1539 3151 quod

566 3281 630 3340 ‘ola
654 3275 831 3339 Walea'apltuon,
849 3275 884 3324 H.
903 3279 936 3325 Α.
954 3275 996 3331 ΙΙ,
1015 3279 1046 3326 95
1110 3271 1126 3311 s
1142 3277 1167 3324 in
1184 3277 1224 3324 tte
1241 3275 1306 3324 bullo
1323 3281 1377 3326 seret
1395 3281 1420 3326 ta
1437 3273 1539 3338 Enplattd

523 3379 554 3412 oa
571 3367 674 3412 account
691 3364 724 3426 os
737 3363 777 3410 tte
796 3363 913 3418 Otanada,
931 3378 968 3425 tp.
986 3363 1049 3410 them
1073 3361 1241 3424 Woleinyltuon
1255 3361 1297 3418 ῙῙ,
1311 3367 1340 3412 Π
1355 3361 1387 3428 ff.
1453 3365 1498 3409 Η.
1513 3361 1538 3409 3³

525 3445 628 3506 *add
646 3465 683 3511 tp.
702 3447 775 3496 abone
789 3465 816 3510 p.
834 3450 884 3497 626

421 3619 443 3650 ³¹
461 3614 743 3688 prescitosacnw
763 3619 789 3667 in
806 3635 868 3667 mar.
920 3625 1041 3684 potentes
1051 3621 1084 3678 A,
1098 3615 1125 3668 Ε
1134 3619 1151 3680 (
1152 3618 1211 3678 ud.)
1291 3613 1314 3645 ⁸¹
1332 3615 1540 3685 regulariutemc
1612 3619 1613 3622 ’

387 3708 606 3774 irregularitatem
616 3706 748 3755 ABDEG
816 3699 840 3730 ⁸⁴³
856 3701 1125 3753 eredendaABCDE
1157 3701 1273 3752 tenenda
1291 3709 1318 3752 et
1335 3704 1373 3754 eie
1390 3701 1538 3754 credendae

353 3791 456 3861 ⁸⁴prop.
469 3810 540 3860 pecc.
553 3793 679 3841 ABCDE
711 3790 843 3856 proposita
853 3789 1043 3855 peccacioueo
1103 3785 1323 3838 “aureonno
1357 3791 1437 3838 ΜΒ
1491 3782 1537 3833 “ie

353 3883 381 3930 D
392 3883 415 3930 ic
426 3883 485 3930 odd.
497 3883 523 3930 in
533 3897 609 3929 maa:
628 3877 717 3926 Nescit
729 3876 762 3926 de
774 3882 903 3941 potestate
915 3873 1069 3925 absolvendi
1080 3871 1118 3923 D¹
1187 3869 1209 3901 ⁸⁷
1227 3889 1266 3924 su
1279 3873 1304 3924 h.
1317 3874 1353 3924 ul.
1366 3875 1416 3926 vol.
1428 3871 1537 3922 ,ἀί-’ΒΜ

388 3982 495 4016 suorum
513 3965 674 4016 voluntatem
692 3963 810 4013 ultimam
821 3963 854 4018 B,
871 3961 914 4010 bat
930 3963 955 4009 in
972 3979 1035 4010 mar.
1055 3960 1167 4010 hoedum
1186 3960 1215 4025 dy
1234 3957 1270 4008 B¹
1339 3956 1363 3988 ³⁸
1380 3955 1538 4027 predicatur

387 4051 567 4118 predicatGE
610 4050 829 4116 predicantACD
897 4043 920 4074 ³⁹
937 4046 1164 4096 tamenABGDE
1195 4047 1336 4095 tantuma
1412 4043 1434 4073 ‘⁰
1449 4043 1538 4092 tane

354 4139 412 4187 add.
430 4139 504 4187 adom
521 4139 560 4188 tle
576 4137 637 4187 col„-
653 4137 684 4186 Iu
697 4135 780 4186 veteri
792 4135 851 4200 lege
864 4133 937 4182 licuit
948 4131 1107 4197 patriarchas
1118 4145 1236 4196 pugnare
1244 4127 1283 4180 12¹
1354 4129 1375 4160 ⁴¹
1387 4147 1444 4181 oum
1453 4127 1536 4179 Acuti

387 4227 476 4272 tamen
486 4224 539 4272 BE
622 4219 645 4248 ⁴²
661 4221 836 4270 illudBODG
888 4217 952 4268 illud
970 4216 1041 4267 idem
1051 4218 1110 4274 ΑΕ,
1136 4233 1174 4280 cp.
1188 4217 1284 4272 lutto
1372 4213 1394 4244 ⁴³
1410 4217 1535 4282 allegatum

354 4308 479 4358 ABOEG
513 4309 596 4357 om.D
