3260 5136
66 555 119 601 cap.
138 533 207 602 111]
415 536 469 584 DE
486 534 700 582 RELIGIONE
716 533 876 580 PRIVATA
897 532 938 578 ΙΙ.
1204 534 1265 592 533

148 710 192 770 Et
223 717 371 791 quantum
394 709 434 769 ad
457 708 524 780 hoc,
557 707 637 787 quod
660 706 774 778 asserit,
798 703 929 765 Cristum
959 713 990 765 ct
1011 724 1080 764 suos
1102 702 1267 782 discipulos

65 814 218 894 apostolos
249 814 341 874 fuisse
372 812 410 872 de
441 811 587 888 religione
617 806 778 890 privata,³⁰
809 817 903 888 patet,
937 807 1017 888 quod
1045 815 1145 887 potest
1166 806 1266 866 dicere

65 913 275 996 religionem³¹
307 916 595 986 communissimam,
628 912 726 994 qualis
757 912 849 973 debet
880 931 944 972 csse
976 912 1119 971 cristiana
1149 909 1265 986 religi0,

65 1022 140 1080 deut
162 1018 298 1096 religiosi
319 1017 364 1078 illi
387 1017 501 1090 dicunt,
526 1037 631 1078 carnes
654 1025 752 1077 certas
773 1036 834 1074 non
850 1037 913 1076 esse
930 1035 1045 1087 carnes,
1070 1014 1266 1074 venacionem

43 1125 124 1184 tsine
158 1124 249 1201 gravi
279 1119 412 1183 tumultu
439 1141 500 1180 uon
523 1141 587 1181 esse
609 1120 806 1180 venacionem
829 1128 883 1180 aut
905 1119 1111 1197 cognicionem
1134 1115 1267 1176 mulieris

65 1247 129 1286 cum
164 1226 234 1297 hoc,
267 1223 348 1305 quod
371 1243 431 1282 non
454 1225 493 1284 sit
514 1223 554 1284 ad
577 1223 709 1302 corporis
731 1223 968 1296 distinccionem,
1000 1222 1054 1282 sed
1077 1222 1176 1282 carnis
1198 1241 1267 1281 con·

65 1323 290 1400 solucionem,³²
321 1347 382 1387 non
413 1347 477 1388 esse
499 1326 662 1387 luxuriam.
686 1363 727 1372 -
751 1325 903 1387 Cristiann
925 1335 1026 1386 autem
1049 1325 1164 1402 religio,
1197 1345 1266 1384 cum

65 1433 152 1493 debet
175 1429 395 1492 communicari
418 1430 535 1490 cunctis
550 1429 640 1489 Oristi
655 1428 804 1501 fidelibus,
825 1429 917 1490 debet
932 1449 996 1489 esse
1011 1428 1265 1499 communissima,

64 1536 131 1596 licet
152 1556 192 1596 ex
216 1534 393 1594 introducta
415 1533 536 1593 cautela
558 1533 663 1609 refuge
691 1553 772 1592 nuuc
795 1533 834 1593 sit
856 1553 933 1592 rara.
979 1531 1021 1591 Et
1043 1531 1265 1612 quomodocun-

31 1655 117 1718 mque
140 1646 282 1719 apostate
304 1635 382 1696 tales
405 1635 539 1696 dixerint
561 1635 735 1713 religionem
753 1634 844 1696 cristi
866 1645 897 1696 et
911 1656 1032 1696 suorum
1048 1635 1264 1714 apostolorum,

65 1763 149 1821 quam
172 1741 282 1802 dicunt
304 1760 368 1801 esee
391 1739 552 1818 privatam,
576 1738 696 1817 ipsimet
717 1759 778 1799 non
800 1738 972 1798 observant.

146 1861 306 1937 Quantum
329 1860 370 1921 ad
391 1856 502 1919 illud³³
523 1854 688 1932 ultimum‚s
707 1881 766 1940 quo
788 1859 948 1937 religiones
970 1859 1106 1938 privatas
1125 1879 1184 1918 non
1209 1859 1265 1919 dif-

66 1966 137 2026 ferre
170 1985 189 2024 a
221 1985 254 2024 se
285 1961 490 2024 essencialiter
520 1969 550 2022 et
581 1962 729 2041 specifice,
762 1962 815 2023 scd
845 1959 1109 2022 accidentaliter³⁴
1136 1972 1263 2035 tantum,

66 2067 172 2146 placet,
197 2067 281 2148 quod
303 2067 376 2127 dicit
398 2065 573 2143 religionem
597 2067 884 2144 possessionatorum
907 2085 966 2124 non
991 2066 1110 2125 differre
1126 2066 1264 2145 specifice

35 2182 84 2229 roa
104 2171 250 2248 religione
273 2169 525 2241 mendicancium,
558 2168 637 2229 sicut
657 2188 713 2228 nec
735 2167 912 2246 religionem
936 2169 1127 2230 sacerdotum
1150 2169 1264 2228 secula-

67 2273 137 2333 rium
161 2273 284 2334 differre
307 2272 511 2332 essencialiter
539 2271 578 2332 ab
602 2271 698 2332 altero
720 2271 894 2332 eorundem.
939 2270 990 2330 Ex
1012 2291 1072 2351 quo
1095 2292 1163 2332 cum
1186 2273 1264 2332 veris

66 2377 202 2456 sequitur,
227 2375 309 2456 quod
332 2385 431 2436 stante
454 2395 558 2434 eorum
580 2374 724 2453 religione
737 2374 838 2455 quoad
860 2375 961 2434 omnin
977 2374 1154 2435 essencialia
1169 2371 1264 2448 sua,³⁵

67 2489 122 2538 tom
146 2477 238 2540 Oristi
271 2477 482 2557 possessionoti
513 2497 604 2558 quam
635 2478 692 2556 ipsi
723 2479 832 2539 fratres
864 2489 990 2558 possunt
1012 2487 1043 2539 et
1065 2477 1178 2538 debent
1200 2499 1264 2538 esee

68 2581 101 2640 de
130 2583 277 2660 religione
308 2580 452 2642 secularis
482 2580 639 2659 presbiteri
670 2602 725 2660 per
755 2582 922 2643 coactivam
953 2582 1124 2661 potenciam
1147 2581 1264 2642 brachii

35 2680 248 2746 amentatis&
291 2685 371 2744 Nam
403 2704 458 2763 per
480 2683 594 2744 nudam
621 2683 810 2745 oblacionem
832 2685 902 2746 talis
924 2685 1122 2746 occidentalis
1144 2695 1263 2746 servato

68 2789 218 2849 essencinli
241 2809 303 2848 nou
325 2785 452 2858 tollitur,
476 2786 529 2846 sed
552 2787 657 2865 pocius
679 2787 835 2848 extollitur
857 2789 963 2867 religio
986 2789 1138 2848 cristiana.
1176 2789 1263 2849 Tunc

69 2891 140 2950 enim
171 2892 250 2952 foret
282 2890 410 2950 ecclesia
432 2887 523 2949 Cristi
546 2890 732 2951 ordinacioni
755 2891 944 2963 conformior,
976 2901 1039 2952 tam
1062 2891 1168 2969 religio
1191 2891 1264 2952 cleri

69 2993 198 3072 religioni
221 2991 312 3053 Cristi
335 2991 460 3052 similior
487 3002 517 3052 et
544 2993 652 3053 unitati
674 2993 870 3074 propinquior
891 3004 922 3055 et
943 2995 1136 3056 dissensionis
1158 2997 1189 3057 in
1211 3017 1263 3076 po-

70 3096 127 3172 puli
152 3096 395 3157 murmuracione
423 3095 461 3156 de
491 3104 582 3175 raptu
612 3117 735 3156 suorum
764 3095 910 3158 bonorum
937 3099 1016 3161 foret
1042 3100 1180 3161 sedacior
1211 3109 1242 3160 et
1255 3095 1369 3182 litasse
1384 3120 1433 3161 rost

36 3210 118 3274 :oper
138 3219 324 3279 consequeus
345 3198 516 3259 dominacio
538 3198 682 3260 secularis
705 3197 820 3261 brachii
843 3202 1010 3262 secundum
1037 3203 1263 3264 ordinacionem

70 3299 175 3362 domini
197 3302 276 3364 foret
297 3301 402 3361 maior.

82 3455 371 3464 ——---.-—.——---—
387 3457 405 3460 —

271 3553 286 3593 s
302 3575 339 3622 cp.
358 3573 412 3620 cap.
433 3556 488 3606 III
499 3575 526 3621 p.
545 3562 592 3608 531
612 3557 629 3606 l.
649 3563 664 3609 9
676 3557 707 3624 ff.

131 3793 153 3824 ⁸⁰
169 3800 195 3846 iu
212 3798 238 3845 D
256 3799 278 3846 ir
294 3799 353 3846 add.
371 3799 397 3846 in
414 3814 489 3846 mura
514 3797 598 3848 Solvit
624 3805 809 3864 argumentum
828 3801 939 3852 Oristtun
961 3802 1108 3852 dicencinm
1132 3803 1211 3853 fuisse
1229 3803 1262 3853 de

73 3881 188 3948 religione
207 3884 308 3949 privata
320 3880 356 3931 1>¹
417 3879 439 3910 ⁸¹
456 3882 503 3932 rel.
514 3885 551 3934 Ca
588 3884 621 3934 de
639 3887 691 3947 (cr.
703 3891 746 3934 oct
758 3885 781 3948 (f
793 3889 852 3951 cp.)
870 3887 915 3937 rel.
926 3889 953 3936 D
1013 3885 1036 3916 ³¹
1053 3886 1260 3937 consolacionem

74 3968 106 4016 Ca
139 3969 309 4020 consolacioni
324 3971 350 4018 D
432 3963 456 3996 ³³
472 3970 499 4018 in
517 3971 538 4017 0
553 3971 575 4019 is
591 3972 650 4020 add.
671 3973 696 4020 in
714 3989 789 4022 mac:
807 3973 940 4034 Quantum
959 3974 993 4023 ad
1016 3972 1080 4022 illud
1094 3971 1126 4020 0¹
1196 3970 1219 4000 ³¹
1237 3976 1263 4022 in

74 4053 126 4102 Dte
142 4057 198 4105 odd.
217 4057 243 4104 iu
259 4073 336 4106 man:
366 4055 449 4106 Solvit
475 4061 659 4121 argumentum
677 4057 822 4107 dicencium
845 4059 985 4126 religiones
1002 4059 1117 4124 privatas
1134 4074 1151 4108 a
1168 4075 1196 4108 se
1214 4059 1262 4108 dif-

75 4137 133 4189 ferre
153 4139 235 4191 solum
253 4138 494 4192 accidentaliterD¹
571 4139 595 4169 ³⁶
612 4159 661 4192 om.
686 4159 733 4193 ess.
757 4159 805 4194 sua
818 4165 835 4195 α
884 4162 906 4196 ο.
925 4163 945 4194 s.
964 4162 986 4196 c.
997 4147 1046 4194 DC
1116 4141 1139 4172 ⁸⁶
1157 4147 1183 4194 is
1196 4147 1222 4194 D
1241 4149 1263 4195 ir

75 4225 126 4273 odd.
142 4229 167 4275 is
182 4243 258 4278 sturm
287 4227 363 4289 Quod
381 4227 501 4279 monachi
518 4226 589 4278 licite
606 4235 714 4294 possum
731 4230 789 4301 cogi
807 4229 841 4282 ad
859 4231 1001 4285 tenendum
1019 4231 1172 4304 religionem
1190 4246 1262 4288 secu·

76 4305 128 4359 laris
143 4313 275 4379 presbiteri
287 4311 325 4364 D¹
