<?xml version="1.0" encoding="UTF-8"?>
<!DOCTYPE html PUBLIC "-//W3C//DTD XHTML 1.0 Transitional//EN"
    "http://www.w3.org/TR/xhtml1/DTD/xhtml1-transitional.dtd">
<html xmlns="http://www.w3.org/1999/xhtml" xml:lang="en" lang="en">
 <head>
  <title>
</title>
<meta http-equiv="Content-Type" content="text/html;charset=utf-8" />
  <meta name='ocr-system' content='tesseract 3.04.00' />
  <meta name='ocr-capabilities' content='ocr_page ocr_carea ocr_par ocr_line ocrx_word'/>
</head>
<body>
  <div class='ocr_page' id='page_1' title='image "./johnwiclifspole02wyclgoog/johnwiclifspole02wyclgoog_0358.png"; bbox 0 0 3304 5134; ppageno 0'>
   <div class='ocr_carea' id='block_1_1' title="bbox 364 529 1125 592">
    <p class='ocr_par' dir='ltr' id='par_1_1' title="bbox 364 529 1125 592">
     <span class='ocr_line' id='line_1_1' title="bbox 364 529 1125 592; baseline -0.017 0"><span class='ocrx_word' id='word_1_1' title='bbox 364 535 424 592; x_wconf 80' lang='grc'>728</span> <span class='ocrx_word' id='word_1_2' title='bbox 798 529 977 579; x_wconf 75' lang='lat' dir='ltr'><em>GENBRAL</em></span> <span class='ocrx_word' id='word_1_3' title='bbox 995 530 1125 580; x_wconf 74' lang='lat' dir='ltr'>INDEX.</span> 
     </span>
    </p>
   </div>
   <div class='ocr_carea' id='block_1_2' title="bbox 351 701 1555 4335">
    <p class='ocr_par' dir='ltr' id='par_1_2' title="bbox 361 701 1555 820">
     <span class='ocr_line' id='line_1_2' title="bbox 361 701 1555 769; baseline 0 -17"><span class='ocrx_word' id='word_1_4' title='bbox 361 702 498 752; x_wconf 79' lang='lat' dir='ltr'>Armatura</span> <span class='ocrx_word' id='word_1_5' title='bbox 511 701 640 751; x_wconf 85' lang='lat' dir='ltr'>exercitus</span> <span class='ocrx_word' id='word_1_6' title='bbox 653 701 696 749; x_wconf 90' lang='lat' dir='ltr'>dei</span> <span class='ocrx_word' id='word_1_7' title='bbox 707 706 768 750; x_wconf 89' lang='lat' dir='ltr'>sunt</span> <span class='ocrx_word' id='word_1_8' title='bbox 779 717 825 750; x_wconf 82' lang='lat' dir='ltr'>sex</span> <span class='ocrx_word' id='word_1_9' title='bbox 838 718 936 768; x_wconf 77' lang='lat' dir='ltr'>genera</span> <span class='ocrx_word' id='word_1_10' title='bbox 961 719 963 739; x_wconf 81' lang='lat'><strong>¹</strong></span> <span class='ocrx_word' id='word_1_11' title='bbox 986 701 1084 751; x_wconf 79' lang='lat' dir='ltr'><strong>Auctor</strong></span> <span class='ocrx_word' id='word_1_12' title='bbox 1105 707 1232 767; x_wconf 75' lang='lat' dir='ltr'><strong>tanquam</strong></span> <span class='ocrx_word' id='word_1_13' title='bbox 1254 703 1386 767; x_wconf 89' lang='lat' dir='ltr'>peraticus</span> <span class='ocrx_word' id='word_1_14' title='bbox 1412 712 1555 769; x_wconf 84' lang='lat' dir='ltr'>persecutns</span> 
     </span>
     <span class='ocr_line' id='line_1_3' title="bbox 394 771 1080 820; baseline -0.001 0"><span class='ocrx_word' id='word_1_15' title='bbox 394 772 520 820; x_wconf 91' lang='lat' dir='ltr'>virtutum</span> <span class='ocrx_word' id='word_1_16' title='bbox 538 771 596 819; x_wconf 90' lang='grc'><strong>323.</strong></span> <span class='ocrx_word' id='word_1_17' title='bbox 1022 771 1080 819; x_wconf 88' lang='grc'><strong>678.</strong></span> 
     </span>
    </p>

    <p class='ocr_par' dir='ltr' id='par_1_3' title="bbox 362 839 1554 907">
     <span class='ocr_line' id='line_1_4' title="bbox 362 839 1554 907; baseline 0.001 -18"><span class='ocrx_word' id='word_1_18' title='bbox 362 867 393 876; x_wconf 94' lang='grc'><strong>-</strong></span> <span class='ocrx_word' id='word_1_19' title='bbox 412 839 541 889; x_wconf 86' lang='lat' dir='ltr'>exercitus</span> <span class='ocrx_word' id='word_1_20' title='bbox 559 839 665 902; x_wconf 86' lang='lat' dir='ltr'>dyaboli</span> <span class='ocrx_word' id='word_1_21' title='bbox 683 839 741 887; x_wconf 82' lang='lat'>324.</span> <span class='ocrx_word' id='word_1_22' title='bbox 989 864 1020 874; x_wconf 90' lang='lat'><em>-</em></span> <span class='ocrx_word' id='word_1_23' title='bbox 1039 843 1144 888; x_wconf 88' lang='lat' dir='ltr'>tenetur</span> <span class='ocrx_word' id='word_1_24' title='bbox 1164 840 1274 906; x_wconf 81' lang='lat' dir='ltr'>exlege</span> <span class='ocrx_word' id='word_1_25' title='bbox 1292 839 1334 890; x_wconf 90' lang='lat' dir='ltr'>dei</span> <span class='ocrx_word' id='word_1_26' title='bbox 1350 841 1489 907; x_wconf 78' lang='lat' dir='ltr'>publicare</span> <span class='ocrx_word' id='word_1_27' title='bbox 1505 857 1554 890; x_wconf 86' lang='lat' dir='ltr'>suas</span> 
     </span>
    </p>

    <p class='ocr_par' dir='ltr' id='par_1_4' title="bbox 363 907 1244 972">
     <span class='ocr_line' id='line_1_5' title="bbox 363 907 1244 972; baseline 0.001 -15"><span class='ocrx_word' id='word_1_28' title='bbox 363 925 441 957; x_wconf 87' lang='lat' dir='ltr'>-urc</span> <span class='ocrx_word' id='word_1_29' title='bbox 459 907 604 972; x_wconf 84' lang='lat' dir='ltr'>theologice</span> <span class='ocrx_word' id='word_1_30' title='bbox 624 909 682 956; x_wconf 85' lang='grc'><strong>509.</strong></span> <span class='ocrx_word' id='word_1_31' title='bbox 1021 908 1168 957; x_wconf 88' lang='lat' dir='ltr'>sentencias</span> <span class='ocrx_word' id='word_1_32' title='bbox 1186 909 1244 958; x_wconf 90' lang='grc'><strong>671.</strong></span> 
     </span>
    </p>

    <p class='ocr_par' dir='ltr' id='par_1_5' title="bbox 359 975 1554 1044">
     <span class='ocr_line' id='line_1_6' title="bbox 359 975 1554 1044; baseline 0.001 -19"><span class='ocrx_word' id='word_1_33' title='bbox 359 977 484 1026; x_wconf 79' lang='lat' dir='ltr'>Armenia</span> <span class='ocrx_word' id='word_1_34' title='bbox 501 976 590 1025; x_wconf 83' lang='lat' dir='ltr'>debita</span> <span class='ocrx_word' id='word_1_35' title='bbox 608 976 717 1024; x_wconf 85' lang='lat' dir='ltr'>ecclesie</span> <span class='ocrx_word' id='word_1_36' title='bbox 737 975 793 1025; x_wconf 78' lang='grc'><strong>145.</strong></span> <span class='ocrx_word' id='word_1_37' title='bbox 989 1003 1020 1010; x_wconf 89' lang='grc'>-</span> <span class='ocrx_word' id='word_1_38' title='bbox 1039 977 1084 1026; x_wconf 88' lang='lat' dir='ltr'>wlt</span> <span class='ocrx_word' id='word_1_39' title='bbox 1100 991 1223 1026; x_wconf 88' lang='lat' dir='ltr'>revocare</span> <span class='ocrx_word' id='word_1_40' title='bbox 1241 977 1262 1026; x_wconf 89' lang='lat' dir='ltr'>si</span> <span class='ocrx_word' id='word_1_41' title='bbox 1271 976 1362 1027; x_wconf 86' lang='lat' dir='ltr'>doctus</span> <span class='ocrx_word' id='word_1_42' title='bbox 1371 993 1404 1028; x_wconf 85' lang='lat' dir='ltr'>ex</span> <span class='ocrx_word' id='word_1_43' title='bbox 1417 979 1554 1044; x_wconf 74' lang='lat' dir='ltr'>ewangelio</span> 
     </span>
    </p>

    <p class='ocr_par' dir='ltr' id='par_1_6' title="bbox 360 1043 1079 1108">
     <span class='ocr_line' id='line_1_7' title="bbox 360 1043 1079 1108; baseline 0.004 -15"><span class='ocrx_word' id='word_1_44' title='bbox 360 1045 387 1093; x_wconf 91' lang='lat' dir='ltr'>in</span> <span class='ocrx_word' id='word_1_45' title='bbox 407 1071 440 1080; x_wconf 94' lang='lat'>-</span> <span class='ocrx_word' id='word_1_46' title='bbox 458 1045 522 1094; x_wconf 89' lang='lat' dir='ltr'>deus</span> <span class='ocrx_word' id='word_1_47' title='bbox 540 1045 666 1108; x_wconf 82' lang='lat' dir='ltr'>disposuit</span> <span class='ocrx_word' id='word_1_48' title='bbox 681 1043 819 1094; x_wconf 88' lang='lat' dir='ltr'>ecclesiam</span> <span class='ocrx_word' id='word_1_49' title='bbox 839 1045 895 1096; x_wconf 83' lang='grc'><strong>145.</strong></span> <span class='ocrx_word' id='word_1_50' title='bbox 1021 1045 1079 1096; x_wconf 89' lang='grc'><strong>671.</strong></span> 
     </span>
    </p>

    <p class='ocr_par' dir='ltr' id='par_1_7' title="bbox 360 1112 1451 1246">
     <span class='ocr_line' id='line_1_8' title="bbox 360 1112 1451 1181; baseline 0.002 -18"><span class='ocrx_word' id='word_1_51' title='bbox 360 1113 408 1163; x_wconf 76' lang='lat' dir='ltr'>Ars</span> <span class='ocrx_word' id='word_1_52' title='bbox 429 1113 620 1178; x_wconf 81' lang='lat' dir='ltr'>nigromantica</span> <span class='ocrx_word' id='word_1_53' title='bbox 640 1112 764 1178; x_wconf 89' lang='lat' dir='ltr'>plurimos</span> <span class='ocrx_word' id='word_1_54' title='bbox 781 1113 882 1164; x_wconf 78' lang='lat' dir='ltr'>seducit</span> <span class='ocrx_word' id='word_1_55' title='bbox 908 1115 935 1164; x_wconf 92' lang='lat' dir='ltr'>in</span> <span class='ocrx_word' id='word_1_56' title='bbox 960 1164 962 1181; x_wconf 51' lang='grc' dir='ltr'>Ι</span> <span class='ocrx_word' id='word_1_57' title='bbox 987 1137 1020 1148; x_wconf 93' lang='grc'>-</span> <span class='ocrx_word' id='word_1_58' title='bbox 1039 1113 1118 1162; x_wconf 85' lang='lat' dir='ltr'>habet</span> <span class='ocrx_word' id='word_1_59' title='bbox 1134 1130 1210 1164; x_wconf 89' lang='lat' dir='ltr'>suum</span> <span class='ocrx_word' id='word_1_60' title='bbox 1228 1115 1388 1180; x_wconf 78' lang='lat' dir='ltr'>prepositum</span> <span class='ocrx_word' id='word_1_61' title='bbox 1407 1116 1451 1166; x_wconf 82' lang='grc'><strong>79.</strong></span> 
     </span>
     <span class='ocr_line' id='line_1_9' title="bbox 394 1181 1306 1246; baseline 0.003 -16"><span class='ocrx_word' id='word_1_62' title='bbox 394 1183 505 1231; x_wconf 87' lang='lat' dir='ltr'>ecclesia</span> <span class='ocrx_word' id='word_1_63' title='bbox 522 1181 650 1230; x_wconf 79' lang='lat' dir='ltr'>militante</span> <span class='ocrx_word' id='word_1_64' title='bbox 670 1182 728 1231; x_wconf 89' lang='grc'><strong>701.</strong></span> <span class='ocrx_word' id='word_1_65' title='bbox 987 1207 1019 1216; x_wconf 93' lang='lat'>-</span> <span class='ocrx_word' id='word_1_66' title='bbox 1038 1183 1164 1246; x_wconf 85' lang='lat' dir='ltr'>scripture</span> <span class='ocrx_word' id='word_1_67' title='bbox 1182 1183 1247 1233; x_wconf 89' lang='lat' dir='ltr'>deus</span> <span class='ocrx_word' id='word_1_68' title='bbox 1265 1186 1306 1233; x_wconf 88' lang='lat'>80.</span> 
     </span>
    </p>

    <p class='ocr_par' dir='ltr' id='par_1_8' title="bbox 361 1249 1329 1316">
     <span class='ocr_line' id='line_1_10' title="bbox 361 1249 1329 1316; baseline 0.001 -16"><span class='ocrx_word' id='word_1_69' title='bbox 361 1257 447 1300; x_wconf 89' lang='lat' dir='ltr'>-tem</span> <span class='ocrx_word' id='word_1_70' title='bbox 460 1251 574 1300; x_wconf 85' lang='lat' dir='ltr'>virtuose</span> <span class='ocrx_word' id='word_1_71' title='bbox 585 1249 722 1316; x_wconf 86' lang='lat' dir='ltr'>pugnandi</span> <span class='ocrx_word' id='word_1_72' title='bbox 732 1250 826 1314; x_wconf 87' lang='lat' dir='ltr'>prelati</span> <span class='ocrx_word' id='word_1_73' title='bbox 837 1250 936 1301; x_wconf 87' lang='lat' dir='ltr'>habent</span> <span class='ocrx_word' id='word_1_74' title='bbox 989 1275 1018 1285; x_wconf 93' lang='lat'>-</span> <span class='ocrx_word' id='word_1_75' title='bbox 1038 1250 1114 1300; x_wconf 87' lang='lat' dir='ltr'>realis</span> <span class='ocrx_word' id='word_1_76' title='bbox 1132 1251 1197 1301; x_wconf 87' lang='lat' dir='ltr'>deus</span> <span class='ocrx_word' id='word_1_77' title='bbox 1214 1259 1254 1302; x_wconf 87' lang='lat' dir='ltr'>est</span> <span class='ocrx_word' id='word_1_78' title='bbox 1271 1253 1329 1302; x_wconf 83' lang='lat'>343.</span> 
     </span>
    </p>

    <p class='ocr_par' dir='ltr' id='par_1_9' title="bbox 395 1313 1471 1379">
     <span class='ocr_line' id='line_1_11' title="bbox 395 1313 1471 1379; baseline 0.002 -11"><span class='ocrx_word' id='word_1_79' title='bbox 395 1313 452 1368; x_wconf 86' lang='grc'><strong>629.</strong></span> <span class='ocrx_word' id='word_1_80' title='bbox 959 1317 961 1379; x_wconf 70' lang='grc'><strong>1</strong></span> <span class='ocrx_word' id='word_1_81' title='bbox 987 1344 1018 1353; x_wconf 96' lang='grc'><strong>-</strong></span> <span class='ocrx_word' id='word_1_82' title='bbox 1037 1319 1117 1369; x_wconf 90' lang='lat' dir='ltr'>intrat</span> <span class='ocrx_word' id='word_1_83' title='bbox 1134 1319 1160 1368; x_wconf 90' lang='lat' dir='ltr'>in</span> <span class='ocrx_word' id='word_1_84' title='bbox 1177 1319 1280 1370; x_wconf 88' lang='lat' dir='ltr'>labores</span> <span class='ocrx_word' id='word_1_85' title='bbox 1297 1319 1408 1370; x_wconf 80' lang='lat' dir='ltr'>aliorum</span> <span class='ocrx_word' id='word_1_86' title='bbox 1427 1322 1471 1370; x_wconf 86' lang='grc'><strong>92.</strong></span> 
     </span>
    </p>

    <p class='ocr_par' dir='ltr' id='par_1_10' title="bbox 360 1386 1551 1522">
     <span class='ocr_line' id='line_1_12' title="bbox 360 1386 1501 1452; baseline 0.003 -15"><span class='ocrx_word' id='word_1_87' title='bbox 360 1395 433 1437; x_wconf 87' lang='lat' dir='ltr'>-tes</span> <span class='ocrx_word' id='word_1_88' title='bbox 445 1387 611 1437; x_wconf 84' lang='lat' dir='ltr'>confederate</span> <span class='ocrx_word' id='word_1_89' title='bbox 629 1401 646 1436; x_wconf 89' lang='lat' dir='ltr'>a</span> <span class='ocrx_word' id='word_1_90' title='bbox 663 1386 759 1452; x_wconf 90' lang='lat' dir='ltr'>populo</span> <span class='ocrx_word' id='word_1_91' title='bbox 777 1387 934 1438; x_wconf 86' lang='lat' dir='ltr'>destruende</span> <span class='ocrx_word' id='word_1_92' title='bbox 959 1396 961 1431; x_wconf 88' lang='grc' dir='ltr'>Ι</span> <span class='ocrx_word' id='word_1_93' title='bbox 987 1413 1018 1422; x_wconf 91' lang='grc'>-</span> <span class='ocrx_word' id='word_1_94' title='bbox 1037 1388 1142 1437; x_wconf 87' lang='lat' dir='ltr'>veritati</span> <span class='ocrx_word' id='word_1_95' title='bbox 1159 1387 1292 1440; x_wconf 89' lang='lat' dir='ltr'>humiliter</span> <span class='ocrx_word' id='word_1_96' title='bbox 1309 1390 1442 1440; x_wconf 81' lang='lat' dir='ltr'>consentit</span> <span class='ocrx_word' id='word_1_97' title='bbox 1461 1392 1501 1440; x_wconf 90' lang='grc'><strong>76.</strong></span> 
     </span>
     <span class='ocr_line' id='line_1_13' title="bbox 393 1457 1551 1522; baseline 0 -16"><span class='ocrx_word' id='word_1_98' title='bbox 393 1463 453 1506; x_wconf 88' lang='lat' dir='ltr'>sunt</span> <span class='ocrx_word' id='word_1_99' title='bbox 471 1458 529 1506; x_wconf 83' lang='lat'>229.</span> <span class='ocrx_word' id='word_1_100' title='bbox 959 1460 961 1495; x_wconf 84' lang='grc' dir='ltr'>Ι</span> <span class='ocrx_word' id='word_1_101' title='bbox 987 1457 1147 1521; x_wconf 87' lang='lat' dir='ltr'>-quiescit</span> <span class='ocrx_word' id='word_1_102' title='bbox 1168 1459 1302 1522; x_wconf 81' lang='lat' dir='ltr'>opinative</span> <span class='ocrx_word' id='word_1_103' title='bbox 1324 1458 1352 1506; x_wconf 90' lang='lat' dir='ltr'>in</span> <span class='ocrx_word' id='word_1_104' title='bbox 1373 1473 1456 1508; x_wconf 88' lang='lat' dir='ltr'>sensu</span> <span class='ocrx_word' id='word_1_105' title='bbox 1478 1459 1551 1508; x_wconf 82' lang='lat' dir='ltr'>catto</span> 
     </span>
    </p>

    <p class='ocr_par' dir='ltr' id='par_1_11' title="bbox 360 1523 1552 1660">
     <span class='ocr_line' id='line_1_14' title="bbox 360 1523 1130 1589; baseline 0.001 -14"><span class='ocrx_word' id='word_1_106' title='bbox 360 1552 392 1560; x_wconf 98' lang='lat'>-</span> <span class='ocrx_word' id='word_1_107' title='bbox 418 1524 585 1575; x_wconf 86' lang='lat' dir='ltr'>confoderute</span> <span class='ocrx_word' id='word_1_108' title='bbox 619 1539 676 1574; x_wconf 85' lang='lat' dir='ltr'>sese</span> <span class='ocrx_word' id='word_1_109' title='bbox 715 1524 846 1589; x_wconf 86' lang='lat' dir='ltr'>reciproce</span> <span class='ocrx_word' id='word_1_110' title='bbox 880 1542 935 1574; x_wconf 91' lang='lat' dir='ltr'>non</span> <span class='ocrx_word' id='word_1_111' title='bbox 1020 1523 1069 1574; x_wconf 89' lang='lat' dir='ltr'>lico</span> <span class='ocrx_word' id='word_1_112' title='bbox 1089 1526 1130 1577; x_wconf 88' lang='grc'>75.</span> 
     </span>
     <span class='ocr_line' id='line_1_15' title="bbox 393 1593 1552 1660; baseline 0.002 -18"><span class='ocrx_word' id='word_1_113' title='bbox 393 1601 511 1643; x_wconf 87' lang='lat' dir='ltr'>amantes</span> <span class='ocrx_word' id='word_1_114' title='bbox 529 1595 586 1642; x_wconf 85' lang='lat'>229.</span> <span class='ocrx_word' id='word_1_115' title='bbox 985 1618 1019 1627; x_wconf 93' lang='lat'>-</span> <span class='ocrx_word' id='word_1_116' title='bbox 1036 1593 1092 1659; x_wconf 80' lang='lat' dir='ltr'>agit</span> <span class='ocrx_word' id='word_1_117' title='bbox 1121 1593 1154 1642; x_wconf 88' lang='lat' dir='ltr'>de</span> <span class='ocrx_word' id='word_1_118' title='bbox 1182 1595 1309 1658; x_wconf 84' lang='lat' dir='ltr'>passione,</span> <span class='ocrx_word' id='word_1_119' title='bbox 1336 1610 1418 1660; x_wconf 87' lang='lat' dir='ltr'>quam</span> <span class='ocrx_word' id='word_1_120' title='bbox 1436 1595 1552 1659; x_wconf 79' lang='lat' dir='ltr'>dyabolus</span> 
     </span>
    </p>

    <p class='ocr_par' dir='ltr' id='par_1_12' title="bbox 360 1661 1552 1729">
     <span class='ocr_line' id='line_1_16' title="bbox 360 1661 1552 1729; baseline 0.003 -19"><span class='ocrx_word' id='word_1_121' title='bbox 360 1687 391 1697; x_wconf 88' lang='lat'>—</span> <span class='ocrx_word' id='word_1_122' title='bbox 410 1663 515 1726; x_wconf 80' lang='lat' dir='ltr'>dyaboli</span> <span class='ocrx_word' id='word_1_123' title='bbox 533 1663 591 1712; x_wconf 89' lang='grc'><strong>367.</strong></span> <span class='ocrx_word' id='word_1_124' title='bbox 958 1672 961 1691; x_wconf 82' lang='grc'><em>·</em></span> <span class='ocrx_word' id='word_1_125' title='bbox 1019 1661 1082 1711; x_wconf 84' lang='lat' dir='ltr'>facit</span> <span class='ocrx_word' id='word_1_126' title='bbox 1107 1661 1192 1711; x_wconf 90' lang='lat' dir='ltr'>ordini</span> <span class='ocrx_word' id='word_1_127' title='bbox 1217 1669 1244 1712; x_wconf 91' lang='lat' dir='ltr'>et</span> <span class='ocrx_word' id='word_1_128' title='bbox 1268 1664 1455 1728; x_wconf 86' lang='lat' dir='ltr'>temptacione‚</span> <span class='ocrx_word' id='word_1_129' title='bbox 1486 1680 1552 1729; x_wconf 83' lang='lat' dir='ltr'>quam</span> 
     </span>
    </p>

    <p class='ocr_par' dir='ltr' id='par_1_13' title="bbox 360 1730 1527 1891">
     <span class='ocr_line' id='line_1_17' title="bbox 360 1730 1487 1794; baseline 0.002 -14"><span class='ocrx_word' id='word_1_130' title='bbox 360 1757 391 1765; x_wconf 94' lang='lat'><em>-</em></span> <span class='ocrx_word' id='word_1_131' title='bbox 410 1731 546 1794; x_wconf 84' lang='lat' dir='ltr'>dyabolice</span> <span class='ocrx_word' id='word_1_132' title='bbox 564 1730 712 1778; x_wconf 89' lang='lat' dir='ltr'>diminuunt</span> <span class='ocrx_word' id='word_1_133' title='bbox 728 1730 871 1781; x_wconf 79' lang='lat' dir='ltr'>viatoribus</span> <span class='ocrx_word' id='word_1_134' title='bbox 888 1747 933 1780; x_wconf 92' lang='lat' dir='ltr'>no·</span> <span class='ocrx_word' id='word_1_135' title='bbox 958 1730 960 1779; x_wconf 87' lang='lat' dir='ltr'>l</span> <span class='ocrx_word' id='word_1_136' title='bbox 1018 1730 1081 1780; x_wconf 84' lang='lat' dir='ltr'>facit</span> <span class='ocrx_word' id='word_1_137' title='bbox 1097 1731 1266 1780; x_wconf 89' lang='lat' dir='ltr'>commoranti</span> <span class='ocrx_word' id='word_1_138' title='bbox 1283 1732 1309 1780; x_wconf 93' lang='lat' dir='ltr'>in</span> <span class='ocrx_word' id='word_1_139' title='bbox 1327 1732 1427 1782; x_wconf 87' lang='lat' dir='ltr'>mundo</span> <span class='ocrx_word' id='word_1_140' title='bbox 1446 1735 1487 1782; x_wconf 80' lang='grc'>58.</span> 
     </span>
     <span class='ocr_line' id='line_1_18' title="bbox 392 1799 1527 1891; baseline 0.001 -42"><span class='ocrx_word' id='word_1_141' title='bbox 392 1800 480 1849; x_wconf 81' lang='lat' dir='ltr'>ticiani</span> <span class='ocrx_word' id='word_1_142' title='bbox 497 1799 585 1848; x_wconf 91' lang='lat' dir='ltr'>divine</span> <span class='ocrx_word' id='word_1_143' title='bbox 603 1799 714 1848; x_wconf 83' lang='lat' dir='ltr'>sciencie</span> <span class='ocrx_word' id='word_1_144' title='bbox 733 1800 791 1848; x_wconf 93' lang='grc'><strong>700.</strong></span> <span class='ocrx_word' id='word_1_145' title='bbox 958 1808 960 1891; x_wconf 54' lang='lat' dir='ltr'>q</span> <span class='ocrx_word' id='word_1_146' title='bbox 985 1824 1017 1832; x_wconf 98' lang='lat'><em>-</em></span> <span class='ocrx_word' id='word_1_147' title='bbox 1035 1799 1157 1848; x_wconf 85' lang='lat' dir='ltr'>describit</span> <span class='ocrx_word' id='word_1_148' title='bbox 1174 1801 1291 1866; x_wconf 86' lang='lat' dir='ltr'>requiem</span> <span class='ocrx_word' id='word_1_149' title='bbox 1308 1801 1459 1850; x_wconf 73' lang='lat' dir='ltr'>annuarum</span> <span class='ocrx_word' id='word_1_150' title='bbox 1478 1804 1527 1850; x_wconf 76' lang='grc'><strong>146.</strong></span> 
     </span>
    </p>

    <p class='ocr_par' dir='ltr' id='par_1_14' title="bbox 359 1867 1551 1935">
     <span class='ocr_line' id='line_1_19' title="bbox 359 1867 1551 1935; baseline -0.001 -18"><span class='ocrx_word' id='word_1_151' title='bbox 359 1895 390 1902; x_wconf 94' lang='grc'>-</span> <span class='ocrx_word' id='word_1_152' title='bbox 409 1868 574 1917; x_wconf 81' lang='lat' dir='ltr'>mechanicas</span> <span class='ocrx_word' id='word_1_153' title='bbox 591 1867 689 1916; x_wconf 84' lang='lat' dir='ltr'>discere</span> <span class='ocrx_word' id='word_1_154' title='bbox 708 1883 778 1916; x_wconf 88' lang='lat' dir='ltr'>error</span> <span class='ocrx_word' id='word_1_155' title='bbox 796 1875 836 1918; x_wconf 87' lang='lat' dir='ltr'>est</span> <span class='ocrx_word' id='word_1_156' title='bbox 853 1870 910 1918; x_wconf 89' lang='grc'><strong>209.</strong></span> <span class='ocrx_word' id='word_1_157' title='bbox 985 1893 1017 1902; x_wconf 89' lang='grc'>-</span> <span class='ocrx_word' id='word_1_158' title='bbox 1036 1868 1130 1917; x_wconf 89' lang='lat' dir='ltr'>citatus</span> <span class='ocrx_word' id='word_1_159' title='bbox 1142 1868 1176 1916; x_wconf 88' lang='lat' dir='ltr'>ad</span> <span class='ocrx_word' id='word_1_160' title='bbox 1188 1869 1286 1918; x_wconf 86' lang='lat' dir='ltr'>curiam</span> <span class='ocrx_word' id='word_1_161' title='bbox 1298 1870 1408 1919; x_wconf 84' lang='lat' dir='ltr'>Romam</span> <span class='ocrx_word' id='word_1_162' title='bbox 1420 1886 1477 1920; x_wconf 89' lang='lat' dir='ltr'>non</span> <span class='ocrx_word' id='word_1_163' title='bbox 1485 1871 1551 1935; x_wconf 87' lang='lat' dir='ltr'>peciit</span> 
     </span>
    </p>

    <p class='ocr_par' dir='ltr' id='par_1_15' title="bbox 359 1935 1078 1987">
     <span class='ocr_line' id='line_1_20' title="bbox 359 1935 1078 1987; baseline 0 -1"><span class='ocrx_word' id='word_1_164' title='bbox 359 1938 461 1986; x_wconf 90' lang='lat' dir='ltr'>-tibus</span> <span class='ocrx_word' id='word_1_165' title='bbox 487 1936 607 1985; x_wconf 85' lang='lat' dir='ltr'>humanis</span> <span class='ocrx_word' id='word_1_166' title='bbox 641 1935 759 1984; x_wconf 89' lang='lat' dir='ltr'>monachi</span> <span class='ocrx_word' id='word_1_167' title='bbox 794 1937 934 1987; x_wconf 89' lang='lat' dir='ltr'>intendunt</span> <span class='ocrx_word' id='word_1_168' title='bbox 1019 1938 1078 1986; x_wconf 90' lang='grc'><strong>556.</strong></span> 
     </span>
    </p>

    <p class='ocr_par' dir='ltr' id='par_1_16' title="bbox 392 2004 1550 2071">
     <span class='ocr_line' id='line_1_21' title="bbox 392 2004 1550 2071; baseline 0.001 -17"><span class='ocrx_word' id='word_1_169' title='bbox 392 2008 450 2055; x_wconf 91' lang='grc'><strong>220.</strong></span> <span class='ocrx_word' id='word_1_170' title='bbox 957 2052 959 2063; x_wconf 84' lang='grc'>,</span> <span class='ocrx_word' id='word_1_171' title='bbox 985 2029 1016 2038; x_wconf 92' lang='grc'><strong>-</strong></span> <span class='ocrx_word' id='word_1_172' title='bbox 1036 2004 1106 2053; x_wconf 92' lang='lat' dir='ltr'>domi</span> <span class='ocrx_word' id='word_1_173' title='bbox 1126 2021 1257 2054; x_wconf 88' lang='lat' dir='ltr'>summum</span> <span class='ocrx_word' id='word_1_174' title='bbox 1282 2006 1434 2071; x_wconf 85' lang='lat' dir='ltr'>pontificem</span> <span class='ocrx_word' id='word_1_175' title='bbox 1453 2006 1550 2057; x_wconf 84' lang='lat' dir='ltr'>Cristun</span> 
     </span>
    </p>

    <p class='ocr_par' dir='ltr' id='par_1_17' title="bbox 358 2072 1551 2194">
     <span class='ocr_line' id='line_1_22' title="bbox 358 2072 1168 2140; baseline -0.001 -16"><span class='ocrx_word' id='word_1_176' title='bbox 358 2090 391 2124; x_wconf 83' lang='lat' dir='ltr'>ert</span> <span class='ocrx_word' id='word_1_177' title='bbox 409 2101 440 2110; x_wconf 88' lang='lat'>-</span> <span class='ocrx_word' id='word_1_178' title='bbox 459 2073 632 2122; x_wconf 85' lang='lat' dir='ltr'>confederatis</span> <span class='ocrx_word' id='word_1_179' title='bbox 652 2072 770 2122; x_wconf 87' lang='lat' dir='ltr'>oriuntur</span> <span class='ocrx_word' id='word_1_180' title='bbox 794 2089 882 2140; x_wconf 81' lang='lat' dir='ltr'>pugne</span> <span class='ocrx_word' id='word_1_181' title='bbox 907 2082 934 2125; x_wconf 93' lang='lat' dir='ltr'>et</span> <span class='ocrx_word' id='word_1_182' title='bbox 1018 2073 1092 2138; x_wconf 82' lang='lat' dir='ltr'>eligit</span> <span class='ocrx_word' id='word_1_183' title='bbox 1110 2075 1168 2123; x_wconf 85' lang='grc'><strong>556.</strong></span> 
     </span>
     <span class='ocr_line' id='line_1_23' title="bbox 392 2140 1551 2194; baseline -0.001 -3"><span class='ocrx_word' id='word_1_184' title='bbox 392 2143 462 2192; x_wconf 89' lang='lat' dir='ltr'>bolla</span> <span class='ocrx_word' id='word_1_185' title='bbox 480 2143 537 2192; x_wconf 90' lang='grc'><strong>229.</strong></span> <span class='ocrx_word' id='word_1_186' title='bbox 957 2140 959 2157; x_wconf 62' lang='lat'>¹</span> <span class='ocrx_word' id='word_1_187' title='bbox 984 2167 1017 2175; x_wconf 94' lang='lat'><em>-</em></span> <span class='ocrx_word' id='word_1_188' title='bbox 1035 2141 1115 2191; x_wconf 83' lang='lat' dir='ltr'>habet</span> <span class='ocrx_word' id='word_1_189' title='bbox 1132 2143 1294 2193; x_wconf 81' lang='lat' dir='ltr'>voluntatem</span> <span class='ocrx_word' id='word_1_190' title='bbox 1316 2143 1456 2194; x_wconf 83' lang='lat' dir='ltr'>laborandi</span> <span class='ocrx_word' id='word_1_191' title='bbox 1477 2145 1502 2192; x_wconf 91' lang='lat' dir='ltr'>in</span> <span class='ocrx_word' id='word_1_192' title='bbox 1517 2143 1551 2192; x_wconf 80' lang='lat' dir='ltr'>dci</span> 
     </span>
    </p>

    <p class='ocr_par' dir='ltr' id='par_1_18' title="bbox 357 2210 1205 2261">
     <span class='ocr_line' id='line_1_24' title="bbox 357 2210 1205 2261; baseline 0.001 -1"><span class='ocrx_word' id='word_1_193' title='bbox 357 2213 421 2261; x_wconf 80' lang='lat' dir='ltr'>Arta</span> <span class='ocrx_word' id='word_1_194' title='bbox 438 2212 480 2259; x_wconf 90' lang='lat' dir='ltr'>via</span> <span class='ocrx_word' id='word_1_195' title='bbox 498 2211 531 2260; x_wconf 88' lang='lat' dir='ltr'>ad</span> <span class='ocrx_word' id='word_1_196' title='bbox 550 2210 634 2260; x_wconf 91' lang='lat' dir='ltr'>celum</span> <span class='ocrx_word' id='word_1_197' title='bbox 654 2211 711 2259; x_wconf 83' lang='lat'>133.</span> <span class='ocrx_word' id='word_1_198' title='bbox 1017 2211 1128 2260; x_wconf 88' lang='lat' dir='ltr'>servicio</span> <span class='ocrx_word' id='word_1_199' title='bbox 1147 2213 1205 2261; x_wconf 86' lang='lat'>¹108.</span> 
     </span>
    </p>

    <p class='ocr_par' dir='ltr' id='par_1_19' title="bbox 356 2278 1549 2346">
     <span class='ocr_line' id='line_1_25' title="bbox 356 2278 1549 2346; baseline -0.001 -17"><span class='ocrx_word' id='word_1_200' title='bbox 356 2280 488 2329; x_wconf 84' lang='lat' dir='ltr'>Articulus</span> <span class='ocrx_word' id='word_1_201' title='bbox 506 2280 594 2328; x_wconf 88' lang='lat' dir='ltr'>mortis</span> <span class='ocrx_word' id='word_1_202' title='bbox 614 2279 670 2330; x_wconf 87' lang='lat'>145.</span> <span class='ocrx_word' id='word_1_203' title='bbox 983 2303 1014 2312; x_wconf 92' lang='lat'><em>-</em></span> <span class='ocrx_word' id='word_1_204' title='bbox 1035 2278 1115 2344; x_wconf 81' lang='lat' dir='ltr'>elegit</span> <span class='ocrx_word' id='word_1_205' title='bbox 1131 2279 1205 2328; x_wconf 90' lang='lat' dir='ltr'>illam</span> <span class='ocrx_word' id='word_1_206' title='bbox 1226 2287 1328 2345; x_wconf 90' lang='lat' dir='ltr'>partem</span> <span class='ocrx_word' id='word_1_207' title='bbox 1346 2281 1459 2331; x_wconf 87' lang='lat' dir='ltr'>ecclesie</span> <span class='ocrx_word' id='word_1_208' title='bbox 1484 2295 1549 2346; x_wconf 86' lang='lat' dir='ltr'>quam</span> 
     </span>
    </p>

    <p class='ocr_par' dir='ltr' id='par_1_20' title="bbox 357 2346 1429 2468">
     <span class='ocr_line' id='line_1_26' title="bbox 357 2346 1385 2414; baseline 0 -16"><span class='ocrx_word' id='word_1_209' title='bbox 357 2357 490 2414; x_wconf 90' lang='lat' dir='ltr'>tamquam</span> <span class='ocrx_word' id='word_1_210' title='bbox 517 2347 589 2397; x_wconf 88' lang='lat' dir='ltr'>—uli</span> <span class='ocrx_word' id='word_1_211' title='bbox 626 2346 687 2397; x_wconf 87' lang='lat' dir='ltr'>fidei</span> <span class='ocrx_word' id='word_1_212' title='bbox 716 2363 814 2398; x_wconf 86' lang='lat' dir='ltr'>errores</span> <span class='ocrx_word' id='word_1_213' title='bbox 847 2348 930 2413; x_wconf 89' lang='lat' dir='ltr'>patuli</span> <span class='ocrx_word' id='word_1_214' title='bbox 1017 2346 1137 2397; x_wconf 87' lang='lat' dir='ltr'>dominus</span> <span class='ocrx_word' id='word_1_215' title='bbox 1154 2349 1309 2413; x_wconf 81' lang='lat' dir='ltr'>approbavit</span> <span class='ocrx_word' id='word_1_216' title='bbox 1327 2349 1385 2398; x_wconf 85' lang='grc'><strong>708.</strong></span> 
     </span>
     <span class='ocr_line' id='line_1_27' title="bbox 391 2416 1429 2468; baseline 0.001 -2"><span class='ocrx_word' id='word_1_217' title='bbox 391 2417 532 2467; x_wconf 88' lang='lat' dir='ltr'>creduntur</span> <span class='ocrx_word' id='word_1_218' title='bbox 549 2417 607 2466; x_wconf 88' lang='grc'><strong>260.</strong></span> <span class='ocrx_word' id='word_1_219' title='bbox 983 2441 1015 2450; x_wconf 91' lang='grc'><strong>-</strong></span> <span class='ocrx_word' id='word_1_220' title='bbox 1033 2421 1091 2466; x_wconf 89' lang='lat' dir='ltr'>orat</span> <span class='ocrx_word' id='word_1_221' title='bbox 1109 2416 1186 2466; x_wconf 91' lang='lat' dir='ltr'>deum</span> <span class='ocrx_word' id='word_1_222' title='bbox 1206 2423 1233 2466; x_wconf 92' lang='lat' dir='ltr'>et</span> <span class='ocrx_word' id='word_1_223' title='bbox 1250 2423 1353 2467; x_wconf 89' lang='lat' dir='ltr'>sauctus</span> <span class='ocrx_word' id='word_1_224' title='bbox 1372 2419 1429 2468; x_wconf 84' lang='lat'>138.</span> 
     </span>
    </p>

    <p class='ocr_par' dir='ltr' id='par_1_21' title="bbox 358 2483 1548 2549">
     <span class='ocr_line' id='line_1_28' title="bbox 358 2483 1548 2549; baseline -0.001 -15"><span class='ocrx_word' id='word_1_225' title='bbox 358 2487 429 2534; x_wconf 85' lang='lat' dir='ltr'>-los</span> <span class='ocrx_word' id='word_1_226' title='bbox 447 2501 528 2534; x_wconf 89' lang='lat' dir='ltr'>novos</span> <span class='ocrx_word' id='word_1_227' title='bbox 546 2485 606 2534; x_wconf 89' lang='lat' dir='ltr'>fidei</span> <span class='ocrx_word' id='word_1_228' title='bbox 624 2493 739 2534; x_wconf 88' lang='lat' dir='ltr'>scrutare</span> <span class='ocrx_word' id='word_1_229' title='bbox 757 2487 815 2536; x_wconf 84' lang='grc'><strong>618.</strong></span> <span class='ocrx_word' id='word_1_230' title='bbox 957 2534 958 2549; x_wconf 23' lang='lat' dir='ltr'>q</span> <span class='ocrx_word' id='word_1_231' title='bbox 984 2509 1016 2518; x_wconf 93' lang='lat'>-</span> <span class='ocrx_word' id='word_1_232' title='bbox 1042 2483 1159 2534; x_wconf 84' lang='lat' dir='ltr'>declarat</span> <span class='ocrx_word' id='word_1_233' title='bbox 1186 2486 1267 2536; x_wconf 90' lang='lat' dir='ltr'>alium</span> <span class='ocrx_word' id='word_1_234' title='bbox 1293 2492 1365 2536; x_wconf 85' lang='lat' dir='ltr'>secte</span> <span class='ocrx_word' id='word_1_235' title='bbox 1391 2485 1503 2536; x_wconf 87' lang='lat' dir='ltr'>secunde</span> <span class='ocrx_word' id='word_1_236' title='bbox 1526 2485 1548 2533; x_wconf 91' lang='lat' dir='ltr'>iu</span> 
     </span>
    </p>

    <p class='ocr_par' dir='ltr' id='par_1_22' title="bbox 356 2551 1171 2604">
     <span class='ocr_line' id='line_1_29' title="bbox 356 2551 1171 2604; baseline 0 -1"><span class='ocrx_word' id='word_1_237' title='bbox 356 2554 512 2604; x_wconf 70' lang='lat' dir='ltr'>artificiales</span> <span class='ocrx_word' id='word_1_238' title='bbox 529 2553 563 2602; x_wconf 87' lang='lat' dir='ltr'>ad</span> <span class='ocrx_word' id='word_1_239' title='bbox 581 2569 646 2602; x_wconf 89' lang='lat' dir='ltr'>onus</span> <span class='ocrx_word' id='word_1_240' title='bbox 665 2554 773 2604; x_wconf 87' lang='lat' dir='ltr'>ecclesie</span> <span class='ocrx_word' id='word_1_241' title='bbox 792 2557 849 2604; x_wconf 89' lang='grc'><strong>555.</strong></span> <span class='ocrx_word' id='word_1_242' title='bbox 956 2554 958 2563; x_wconf 88' lang='grc'><strong>“</strong></span> <span class='ocrx_word' id='word_1_243' title='bbox 1016 2551 1096 2602; x_wconf 87' lang='lat' dir='ltr'>deum</span> <span class='ocrx_word' id='word_1_244' title='bbox 1115 2555 1171 2604; x_wconf 89' lang='lat'>131.</span> 
     </span>
    </p>

    <p class='ocr_par' dir='ltr' id='par_1_23' title="bbox 355 2622 1518 2688">
     <span class='ocr_line' id='line_1_30' title="bbox 355 2622 1518 2688; baseline -0.001 -16"><span class='ocrx_word' id='word_1_245' title='bbox 355 2623 521 2688; x_wconf 67' lang='lat' dir='ltr'>aruspicium</span> <span class='ocrx_word' id='word_1_246' title='bbox 539 2624 596 2672; x_wconf 88' lang='grc'><strong>367.</strong></span> <span class='ocrx_word' id='word_1_247' title='bbox 983 2645 1015 2656; x_wconf 87' lang='grc'>--</span> <span class='ocrx_word' id='word_1_248' title='bbox 1034 2637 1148 2672; x_wconf 88' lang='lat' dir='ltr'>errorem</span> <span class='ocrx_word' id='word_1_249' title='bbox 1166 2638 1242 2672; x_wconf 89' lang='lat' dir='ltr'>snum</span> <span class='ocrx_word' id='word_1_250' title='bbox 1260 2622 1306 2671; x_wconf 84' lang='lat' dir='ltr'>wlt</span> <span class='ocrx_word' id='word_1_251' title='bbox 1322 2638 1449 2674; x_wconf 86' lang='lat' dir='ltr'>revocare</span> <span class='ocrx_word' id='word_1_252' title='bbox 1466 2625 1518 2672; x_wconf 80' lang='grc'><strong>269.</strong></span> 
     </span>
    </p>

    <p class='ocr_par' dir='ltr' id='par_1_24' title="bbox 356 2691 1544 2757">
     <span class='ocr_line' id='line_1_31' title="bbox 356 2691 1544 2757; baseline -0.001 -16"><span class='ocrx_word' id='word_1_253' title='bbox 356 2693 480 2741; x_wconf 85' lang='lat' dir='ltr'>Ascensio</span> <span class='ocrx_word' id='word_1_254' title='bbox 497 2691 573 2740; x_wconf 78' lang='lat' dir='ltr'>cristi</span> <span class='ocrx_word' id='word_1_255' title='bbox 593 2693 648 2741; x_wconf 81' lang='grc'><strong>147.</strong></span> <span class='ocrx_word' id='word_1_256' title='bbox 983 2716 1015 2723; x_wconf 90' lang='grc'>-</span> <span class='ocrx_word' id='word_1_257' title='bbox 1034 2706 1081 2755; x_wconf 84' lang='lat' dir='ltr'>per</span> <span class='ocrx_word' id='word_1_258' title='bbox 1092 2692 1252 2757; x_wconf 89' lang='lat' dir='ltr'>impossibile</span> <span class='ocrx_word' id='word_1_259' title='bbox 1264 2691 1338 2741; x_wconf 88' lang='lat' dir='ltr'>Prior</span> <span class='ocrx_word' id='word_1_260' title='bbox 1349 2692 1544 2742; x_wconf 84' lang='lat' dir='ltr'>mendicancium</span> 
     </span>
    </p>

    <p class='ocr_par' dir='ltr' id='par_1_25' title="bbox 356 2760 1075 2826">
     <span class='ocr_line' id='line_1_32' title="bbox 356 2760 1075 2826; baseline 0 -16"><span class='ocrx_word' id='word_1_261' title='bbox 356 2767 414 2826; x_wconf 89' lang='lat' dir='ltr'>post</span> <span class='ocrx_word' id='word_1_262' title='bbox 430 2777 526 2810; x_wconf 87' lang='lat' dir='ltr'>-nom</span> <span class='ocrx_word' id='word_1_263' title='bbox 537 2760 635 2808; x_wconf 90' lang='lat' dir='ltr'>domini</span> <span class='ocrx_word' id='word_1_264' title='bbox 654 2760 793 2825; x_wconf 86' lang='lat' dir='ltr'>temptacio</span> <span class='ocrx_word' id='word_1_265' title='bbox 811 2760 932 2824; x_wconf 89' lang='lat' dir='ltr'>nequicie</span> <span class='ocrx_word' id='word_1_266' title='bbox 1017 2761 1075 2810; x_wconf 85' lang='grc'><strong>478.</strong></span> 
     </span>
    </p>

    <p class='ocr_par' dir='ltr' id='par_1_26' title="bbox 391 2828 1445 2913">
     <span class='ocr_line' id='line_1_33' title="bbox 391 2828 1445 2913; baseline 0.001 -35"><span class='ocrx_word' id='word_1_267' title='bbox 391 2829 505 2878; x_wconf 85' lang='lat' dir='ltr'>Sathane</span> <span class='ocrx_word' id='word_1_268' title='bbox 523 2845 649 2894; x_wconf 89' lang='lat' dir='ltr'>suspensa</span> <span class='ocrx_word' id='word_1_269' title='bbox 667 2837 707 2879; x_wconf 88' lang='lat' dir='ltr'>ost</span> <span class='ocrx_word' id='word_1_270' title='bbox 724 2831 781 2878; x_wconf 83' lang='grc'><strong>302.</strong></span> <span class='ocrx_word' id='word_1_271' title='bbox 956 2828 957 2913; x_wconf 56' lang='lat' dir='ltr'>l</span> <span class='ocrx_word' id='word_1_272' title='bbox 983 2853 1015 2861; x_wconf 92' lang='lat'><em>-</em></span> <span class='ocrx_word' id='word_1_273' title='bbox 1033 2835 1120 2892; x_wconf 86' lang='lat' dir='ltr'>sperat</span> <span class='ocrx_word' id='word_1_274' title='bbox 1138 2828 1208 2894; x_wconf 91' lang='lat' dir='ltr'>quod</span> <span class='ocrx_word' id='word_1_275' title='bbox 1225 2829 1370 2878; x_wconf 85' lang='lat' dir='ltr'>salvabitur</span> <span class='ocrx_word' id='word_1_276' title='bbox 1387 2831 1445 2879; x_wconf 87' lang='grc'><strong>365.</strong></span> 
     </span>
    </p>

    <p class='ocr_par' dir='ltr' id='par_1_27' title="bbox 358 2897 1544 3030">
     <span class='ocr_line' id='line_1_34' title="bbox 358 2897 1544 2962; baseline -0.003 -16"><span class='ocrx_word' id='word_1_277' title='bbox 358 2927 389 2935; x_wconf 91' lang='grc'>-</span> <span class='ocrx_word' id='word_1_278' title='bbox 408 2897 505 2947; x_wconf 82' lang='lat' dir='ltr'>Gristus</span> <span class='ocrx_word' id='word_1_279' title='bbox 517 2898 659 2962; x_wconf 87' lang='lat' dir='ltr'>prudenter</span> <span class='ocrx_word' id='word_1_280' title='bbox 670 2898 807 2947; x_wconf 89' lang='lat' dir='ltr'>ecclesiam</span> <span class='ocrx_word' id='word_1_281' title='bbox 823 2898 932 2962; x_wconf 85' lang='lat' dir='ltr'>regebat</span> <span class='ocrx_word' id='word_1_282' title='bbox 982 2897 1050 2945; x_wconf 90' lang='lat' dir='ltr'>-ris</span> <span class='ocrx_word' id='word_1_283' title='bbox 1061 2898 1215 2961; x_wconf 86' lang='lat' dir='ltr'>protestacio</span> <span class='ocrx_word' id='word_1_284' title='bbox 1227 2899 1273 2961; x_wconf 74' lang='lat'>313</span> <span class='ocrx_word' id='word_1_285' title='bbox 1292 2899 1337 2960; x_wconf 79' lang='lat'>&#39;153</span> <span class='ocrx_word' id='word_1_286' title='bbox 1357 2899 1402 2960; x_wconf 80' lang='grc'>76;</span> <span class='ocrx_word' id='word_1_287' title='bbox 1422 2899 1482 2960; x_wconf 72' lang='lat'>2893</span> <span class='ocrx_word' id='word_1_288' title='bbox 1497 2897 1544 2946; x_wconf 91' lang='grc'><strong>671.</strong></span> 
     </span>
     <span class='ocr_line' id='line_1_35' title="bbox 391 2967 1364 3030; baseline 0.001 -15"><span class='ocrx_word' id='word_1_289' title='bbox 391 2969 448 3016; x_wconf 87' lang='grc'><strong>660.</strong></span> <span class='ocrx_word' id='word_1_290' title='bbox 984 2990 1013 2998; x_wconf 91' lang='grc'>-</span> <span class='ocrx_word' id='word_1_291' title='bbox 1033 2980 1124 3014; x_wconf 87' lang='lat' dir='ltr'>sensus</span> <span class='ocrx_word' id='word_1_292' title='bbox 1142 2967 1301 3030; x_wconf 89' lang='lat' dir='ltr'>improbatur</span> <span class='ocrx_word' id='word_1_293' title='bbox 1323 2969 1364 3016; x_wconf 91' lang='grc'><strong>75.</strong></span> 
     </span>
    </p>

    <p class='ocr_par' dir='ltr' id='par_1_28' title="bbox 355 3018 1543 3100">
     <span class='ocr_line' id='line_1_36' title="bbox 355 3018 1543 3100; baseline -0.003 -17"><span class='ocrx_word' id='word_1_294' title='bbox 355 3035 467 3083; x_wconf 83' lang='lat' dir='ltr'>Assidua</span> <span class='ocrx_word' id='word_1_295' title='bbox 484 3034 638 3098; x_wconf 86' lang='lat' dir='ltr'>deprecacio</span> <span class='ocrx_word' id='word_1_296' title='bbox 655 3035 765 3083; x_wconf 91' lang='lat' dir='ltr'>multum</span> <span class='ocrx_word' id='word_1_297' title='bbox 780 3035 854 3084; x_wconf 89' lang='lat' dir='ltr'>valet</span> <span class='ocrx_word' id='word_1_298' title='bbox 872 3035 929 3084; x_wconf 78' lang='lat'>345.</span> <span class='ocrx_word' id='word_1_299' title='bbox 955 3018 957 3089; x_wconf 79' lang='lat' dir='ltr'>l</span> <span class='ocrx_word' id='word_1_300' title='bbox 981 3031 1046 3081; x_wconf 89' lang='lat' dir='ltr'>citra</span> <span class='ocrx_word' id='word_1_301' title='bbox 1078 3050 1169 3083; x_wconf 88' lang='lat' dir='ltr'>-ores</span> <span class='ocrx_word' id='word_1_302' title='bbox 1207 3035 1332 3100; x_wconf 88' lang='lat' dir='ltr'>scripture</span> <span class='ocrx_word' id='word_1_303' title='bbox 1364 3034 1543 3086; x_wconf 84' lang='lat' dir='ltr'>racionabiliter</span> 
     </span>
    </p>

    <p class='ocr_par' dir='ltr' id='par_1_29' title="bbox 357 3101 1543 3235">
     <span class='ocr_line' id='line_1_37' title="bbox 357 3101 1543 3154; baseline -0.003 -3"><span class='ocrx_word' id='word_1_304' title='bbox 357 3104 435 3152; x_wconf 87' lang='lat' dir='ltr'>-dui</span> <span class='ocrx_word' id='word_1_305' title='bbox 457 3111 571 3152; x_wconf 87' lang='lat' dir='ltr'>oratores</span> <span class='ocrx_word' id='word_1_306' title='bbox 593 3102 724 3152; x_wconf 81' lang='lat' dir='ltr'>excedtmt</span> <span class='ocrx_word' id='word_1_307' title='bbox 745 3103 859 3152; x_wconf 85' lang='lat' dir='ltr'>medium</span> <span class='ocrx_word' id='word_1_308' title='bbox 880 3103 930 3152; x_wconf 88' lang='lat' dir='ltr'>vir-</span> <span class='ocrx_word' id='word_1_309' title='bbox 1015 3101 1064 3150; x_wconf 88' lang='lat' dir='ltr'>sibi</span> <span class='ocrx_word' id='word_1_310' title='bbox 1081 3102 1152 3152; x_wconf 88' lang='lat' dir='ltr'>credi</span> <span class='ocrx_word' id='word_1_311' title='bbox 1168 3103 1252 3152; x_wconf 88' lang='lat' dir='ltr'>sancti</span> <span class='ocrx_word' id='word_1_312' title='bbox 1273 3103 1395 3154; x_wconf 84' lang='lat' dir='ltr'>catholici</span> <span class='ocrx_word' id='word_1_313' title='bbox 1417 3104 1543 3154; x_wconf 89' lang='lat' dir='ltr'>uoluerunt</span> 
     </span>
     <span class='ocr_line' id='line_1_38' title="bbox 390 3171 1074 3221; baseline -0.003 0"><span class='ocrx_word' id='word_1_314' title='bbox 390 3179 491 3221; x_wconf 90' lang='lat' dir='ltr'>tuosum</span> <span class='ocrx_word' id='word_1_315' title='bbox 509 3171 643 3220; x_wconf 85' lang='lat' dir='ltr'>ieiunandi</span> <span class='ocrx_word' id='word_1_316' title='bbox 661 3173 719 3220; x_wconf 84' lang='grc'><strong>346.</strong></span> <span class='ocrx_word' id='word_1_317' title='bbox 1015 3171 1074 3220; x_wconf 86' lang='grc'><strong>392.</strong></span> 
     </span>
    </p>

    <p class='ocr_par' dir='ltr' id='par_1_30' title="bbox 355 3238 1542 3371">
     <span class='ocr_line' id='line_1_39' title="bbox 355 3238 1542 3304; baseline -0.003 -14"><span class='ocrx_word' id='word_1_318' title='bbox 355 3240 600 3290; x_wconf 83' lang='lat' dir='ltr'>Assimilaresectus</span> <span class='ocrx_word' id='word_1_319' title='bbox 615 3240 716 3304; x_wconf 89' lang='lat' dir='ltr'>corpori</span> <span class='ocrx_word' id='word_1_320' title='bbox 732 3241 840 3289; x_wconf 87' lang='lat' dir='ltr'>ecclesie</span> <span class='ocrx_word' id='word_1_321' title='bbox 854 3239 929 3288; x_wconf 80' lang='lat' dir='ltr'>cristi</span> <span class='ocrx_word' id='word_1_322' title='bbox 954 3244 956 3301; x_wconf 58' lang='lat' dir='ltr'><strong><em>J</em></strong></span> <span class='ocrx_word' id='word_1_323' title='bbox 981 3238 1169 3290; x_wconf 79' lang='lat' dir='ltr'>Auctoritatem</span> <span class='ocrx_word' id='word_1_324' title='bbox 1186 3255 1203 3288; x_wconf 92' lang='lat' dir='ltr'>a</span> <span class='ocrx_word' id='word_1_325' title='bbox 1221 3239 1304 3290; x_wconf 88' lang='lat' dir='ltr'>Cristo</span> <span class='ocrx_word' id='word_1_326' title='bbox 1322 3255 1376 3290; x_wconf 91' lang='lat' dir='ltr'>nou</span> <span class='ocrx_word' id='word_1_327' title='bbox 1392 3240 1487 3290; x_wconf 88' lang='lat' dir='ltr'>habeut</span> <span class='ocrx_word' id='word_1_328' title='bbox 1508 3238 1542 3287; x_wconf 85' lang='lat' dir='ltr'>ob</span> 
     </span>
     <span class='ocr_line' id='line_1_40' title="bbox 389 3309 1278 3371; baseline 0.001 -14"><span class='ocrx_word' id='word_1_329' title='bbox 389 3311 447 3357; x_wconf 87' lang='grc'><strong>353.</strong></span> <span class='ocrx_word' id='word_1_330' title='bbox 954 3362 956 3371; x_wconf 41' lang='grc' dir='ltr'>Ι</span> <span class='ocrx_word' id='word_1_331' title='bbox 1015 3309 1150 3358; x_wconf 89' lang='lat' dir='ltr'>servancie</span> <span class='ocrx_word' id='word_1_332' title='bbox 1169 3336 1201 3344; x_wconf 95' lang='lat'>-</span> <span class='ocrx_word' id='word_1_333' title='bbox 1220 3310 1278 3359; x_wconf 82' lang='lat'>264.</span> 
     </span>
    </p>

    <p class='ocr_par' dir='ltr' id='par_1_31' title="bbox 354 3375 1542 3459">
     <span class='ocr_line' id='line_1_41' title="bbox 354 3375 1542 3459; baseline -0.002 -34"><span class='ocrx_word' id='word_1_334' title='bbox 354 3377 481 3425; x_wconf 71' lang='lat' dir='ltr'>assistere</span> <span class='ocrx_word' id='word_1_335' title='bbox 494 3375 571 3426; x_wconf 89' lang='lat' dir='ltr'>deum</span> <span class='ocrx_word' id='word_1_336' title='bbox 588 3375 686 3424; x_wconf 90' lang='lat' dir='ltr'>homini</span> <span class='ocrx_word' id='word_1_337' title='bbox 699 3391 805 3424; x_wconf 87' lang='lat' dir='ltr'>necesse</span> <span class='ocrx_word' id='word_1_338' title='bbox 819 3382 859 3424; x_wconf 88' lang='lat' dir='ltr'>est</span> <span class='ocrx_word' id='word_1_339' title='bbox 872 3376 928 3426; x_wconf 84' lang='grc'><strong>129.</strong></span> <span class='ocrx_word' id='word_1_340' title='bbox 955 3414 956 3459; x_wconf 41' lang='lat' dir='ltr'>q</span> <span class='ocrx_word' id='word_1_341' title='bbox 980 3391 1072 3440; x_wconf 85' lang='lat' dir='ltr'>per-</span> <span class='ocrx_word' id='word_1_342' title='bbox 1085 3376 1160 3426; x_wconf 83' lang='lat' dir='ltr'>Cristi</span> <span class='ocrx_word' id='word_1_343' title='bbox 1178 3393 1241 3426; x_wconf 89' lang='lat' dir='ltr'>uum</span> <span class='ocrx_word' id='word_1_344' title='bbox 1257 3383 1329 3428; x_wconf 88' lang='lat' dir='ltr'>secte</span> <span class='ocrx_word' id='word_1_345' title='bbox 1346 3378 1542 3427; x_wconf 86' lang='lat' dir='ltr'>subintraverunt</span> 
     </span>
    </p>

    <p class='ocr_par' dir='ltr' id='par_1_32' title="bbox 354 3444 1073 3497">
     <span class='ocr_line' id='line_1_42' title="bbox 354 3444 1073 3497; baseline 0 -3"><span class='ocrx_word' id='word_1_346' title='bbox 354 3446 493 3494; x_wconf 82' lang='lat' dir='ltr'>Assumore</span> <span class='ocrx_word' id='word_1_347' title='bbox 510 3460 605 3494; x_wconf 91' lang='lat' dir='ltr'>nomen</span> <span class='ocrx_word' id='word_1_348' title='bbox 623 3444 665 3494; x_wconf 89' lang='lat' dir='ltr'>dei</span> <span class='ocrx_word' id='word_1_349' title='bbox 682 3444 709 3493; x_wconf 90' lang='lat' dir='ltr'>in</span> <span class='ocrx_word' id='word_1_350' title='bbox 726 3460 824 3494; x_wconf 87' lang='lat' dir='ltr'>vanum</span> <span class='ocrx_word' id='word_1_351' title='bbox 843 3445 900 3494; x_wconf 81' lang='lat'>118.</span> <span class='ocrx_word' id='word_1_352' title='bbox 955 3472 956 3497; x_wconf 66' lang='lat' dir='ltr'>r</span> <span class='ocrx_word' id='word_1_353' title='bbox 1018 3445 1073 3494; x_wconf 87' lang='grc'><strong>175.</strong></span> 
     </span>
    </p>

    <p class='ocr_par' dir='ltr' id='par_1_33' title="bbox 354 3513 1451 3580">
     <span class='ocr_line' id='line_1_43' title="bbox 354 3513 1451 3580; baseline 0 -17"><span class='ocrx_word' id='word_1_354' title='bbox 354 3513 553 3578; x_wconf 78' lang='lat' dir='ltr'>Assumpcioues</span> <span class='ocrx_word' id='word_1_355' title='bbox 570 3520 699 3562; x_wconf 85' lang='lat' dir='ltr'>sectarum</span> <span class='ocrx_word' id='word_1_356' title='bbox 719 3514 775 3562; x_wconf 80' lang='lat'>144.</span> <span class='ocrx_word' id='word_1_357' title='bbox 981 3529 1014 3562; x_wconf 85' lang='lat' dir='ltr'>ex</span> <span class='ocrx_word' id='word_1_358' title='bbox 1033 3521 1092 3564; x_wconf 91' lang='lat' dir='ltr'>-te</span> <span class='ocrx_word' id='word_1_359' title='bbox 1111 3513 1187 3564; x_wconf 81' lang='lat' dir='ltr'>cristi</span> <span class='ocrx_word' id='word_1_360' title='bbox 1204 3520 1288 3580; x_wconf 78' lang='lat' dir='ltr'>agunt</span> <span class='ocrx_word' id='word_1_361' title='bbox 1304 3521 1377 3565; x_wconf 87' lang='lat' dir='ltr'>secte</span> <span class='ocrx_word' id='word_1_362' title='bbox 1395 3516 1451 3564; x_wconf 74' lang='grc'><strong>264.</strong></span> 
     </span>
    </p>

    <p class='ocr_par' dir='ltr' id='par_1_34' title="bbox 357 3581 1539 3700">
     <span class='ocr_line' id='line_1_44' title="bbox 357 3581 1539 3647; baseline 0 -17"><span class='ocrx_word' id='word_1_363' title='bbox 357 3610 384 3618; x_wconf 84' lang='grc'><strong>-</strong></span> <span class='ocrx_word' id='word_1_364' title='bbox 404 3597 465 3632; x_wconf 86' lang='lat' dir='ltr'>suas</span> <span class='ocrx_word' id='word_1_365' title='bbox 482 3597 552 3647; x_wconf 84' lang='lat' dir='ltr'>popa</span> <span class='ocrx_word' id='word_1_366' title='bbox 569 3581 612 3631; x_wconf 89' lang='lat' dir='ltr'>vel</span> <span class='ocrx_word' id='word_1_367' title='bbox 630 3582 723 3631; x_wconf 81' lang='lat' dir='ltr'>tratres</span> <span class='ocrx_word' id='word_1_368' title='bbox 735 3581 855 3631; x_wconf 90' lang='lat' dir='ltr'>nesciunt</span> <span class='ocrx_word' id='word_1_369' title='bbox 871 3597 928 3646; x_wconf 82' lang='lat' dir='ltr'>pro</span> <span class='ocrx_word' id='word_1_370' title='bbox 967 3588 1054 3644; x_wconf 28' lang='lat' dir='ltr'>ff-tes</span> <span class='ocrx_word' id='word_1_371' title='bbox 1067 3583 1148 3632; x_wconf 89' lang='lat' dir='ltr'>multe</span> <span class='ocrx_word' id='word_1_372' title='bbox 1160 3589 1268 3633; x_wconf 90' lang='lat' dir='ltr'>movent</span> <span class='ocrx_word' id='word_1_373' title='bbox 1279 3583 1411 3633; x_wconf 91' lang='lat' dir='ltr'>homiuem</span> <span class='ocrx_word' id='word_1_374' title='bbox 1429 3583 1461 3632; x_wconf 87' lang='lat' dir='ltr'>ad</span> <span class='ocrx_word' id='word_1_375' title='bbox 1476 3595 1539 3631; x_wconf 88' lang='lat' dir='ltr'>orau-</span> 
     </span>
     <span class='ocr_line' id='line_1_45' title="bbox 387 3650 1154 3700; baseline 0 0"><span class='ocrx_word' id='word_1_376' title='bbox 387 3652 450 3700; x_wconf 88' lang='lat' dir='ltr'>baro</span> <span class='ocrx_word' id='word_1_377' title='bbox 469 3652 509 3700; x_wconf 91' lang='grc'>75.</span> <span class='ocrx_word' id='word_1_378' title='bbox 1015 3650 1078 3700; x_wconf 89' lang='lat' dir='ltr'>dum</span> <span class='ocrx_word' id='word_1_379' title='bbox 1096 3653 1154 3700; x_wconf 81' lang='lat'>346.</span> 
     </span>
    </p>

    <p class='ocr_par' dir='ltr' id='par_1_35' title="bbox 352 3718 1540 3840">
     <span class='ocr_line' id='line_1_46' title="bbox 352 3718 1521 3784; baseline -0.003 -15"><span class='ocrx_word' id='word_1_380' title='bbox 352 3721 520 3784; x_wconf 85' lang='lat' dir='ltr'>Assumptum</span> <span class='ocrx_word' id='word_1_381' title='bbox 548 3725 677 3768; x_wconf 86' lang='lat' dir='ltr'>sectarum</span> <span class='ocrx_word' id='word_1_382' title='bbox 704 3718 848 3783; x_wconf 82' lang='lat' dir='ltr'>apocribrm</span> <span class='ocrx_word' id='word_1_383' title='bbox 866 3719 930 3769; x_wconf 89' lang='lat' dir='ltr'>citra</span> <span class='ocrx_word' id='word_1_384' title='bbox 980 3719 1158 3770; x_wconf 83' lang='lat' dir='ltr'>Auctorizacio</span> <span class='ocrx_word' id='word_1_385' title='bbox 1175 3720 1326 3770; x_wconf 83' lang='lat' dir='ltr'>tradicionis</span> <span class='ocrx_word' id='word_1_386' title='bbox 1342 3721 1454 3770; x_wconf 86' lang='lat' dir='ltr'>humane</span> <span class='ocrx_word' id='word_1_387' title='bbox 1471 3719 1521 3767; x_wconf 74' lang='grc'><strong>346.</strong></span> 
     </span>
     <span class='ocr_line' id='line_1_47' title="bbox 387 3784 1540 3840; baseline -0.002 -4"><span class='ocrx_word' id='word_1_388' title='bbox 387 3788 466 3837; x_wconf 87' lang='lat' dir='ltr'>fidem</span> <span class='ocrx_word' id='word_1_389' title='bbox 486 3789 542 3838; x_wconf 79' lang='lat'>144.</span> <span class='ocrx_word' id='word_1_390' title='bbox 979 3788 1170 3838; x_wconf 76' lang='lat' dir='ltr'>Aucmrizando</span> <span class='ocrx_word' id='word_1_391' title='bbox 1188 3791 1335 3840; x_wconf 87' lang='lat' dir='ltr'>consentire</span> <span class='ocrx_word' id='word_1_392' title='bbox 1345 3789 1488 3840; x_wconf 86' lang='lat' dir='ltr'>criminibus</span> <span class='ocrx_word' id='word_1_393' title='bbox 1503 3784 1540 3834; x_wconf 86' lang='lat' dir='ltr'>ali·</span> 
     </span>
    </p>

    <p class='ocr_par' dir='ltr' id='par_1_36' title="bbox 353 3852 1164 3908">
     <span class='ocr_line' id='line_1_48' title="bbox 353 3852 1164 3908; baseline 0.001 -3"><span class='ocrx_word' id='word_1_394' title='bbox 353 3857 421 3905; x_wconf 86' lang='lat' dir='ltr'>Astri</span> <span class='ocrx_word' id='word_1_395' title='bbox 438 3856 576 3906; x_wconf 85' lang='lat' dir='ltr'>mclinacio</span> <span class='ocrx_word' id='word_1_396' title='bbox 593 3855 660 3904; x_wconf 83' lang='lat' dir='ltr'>infra</span> <span class='ocrx_word' id='word_1_397' title='bbox 678 3869 766 3904; x_wconf 86' lang='lat' dir='ltr'>aerem</span> <span class='ocrx_word' id='word_1_398' title='bbox 785 3857 824 3906; x_wconf 90' lang='grc'><strong>73.</strong></span> <span class='ocrx_word' id='word_1_399' title='bbox 954 3852 956 3867; x_wconf 62' lang='lat'><em>¹</em></span> <span class='ocrx_word' id='word_1_400' title='bbox 1014 3873 1087 3906; x_wconf 87' lang='lat' dir='ltr'>orum</span> <span class='ocrx_word' id='word_1_401' title='bbox 1106 3859 1164 3908; x_wconf 88' lang='grc'><strong>330.</strong></span> 
     </span>
    </p>

    <p class='ocr_par' dir='ltr' id='par_1_37' title="bbox 352 3924 1497 4132">
     <span class='ocr_line' id='line_1_49' title="bbox 352 3924 1497 3993; baseline -0.002 -19"><span class='ocrx_word' id='word_1_402' title='bbox 352 3925 488 3974; x_wconf 82' lang='lat' dir='ltr'>Attencius</span> <span class='ocrx_word' id='word_1_403' title='bbox 514 3932 540 3975; x_wconf 91' lang='lat' dir='ltr'>et</span> <span class='ocrx_word' id='word_1_404' title='bbox 571 3924 672 3973; x_wconf 87' lang='lat' dir='ltr'>diucius</span> <span class='ocrx_word' id='word_1_405' title='bbox 699 3924 791 3974; x_wconf 81' lang='lat' dir='ltr'>fratres</span> <span class='ocrx_word' id='word_1_406' title='bbox 822 3924 929 3974; x_wconf 87' lang='lat' dir='ltr'>student</span> <span class='ocrx_word' id='word_1_407' title='bbox 979 3925 1073 3975; x_wconf 82' lang='lat' dir='ltr'>Audax</span> <span class='ocrx_word' id='word_1_408' title='bbox 1091 3927 1118 3974; x_wconf 92' lang='lat' dir='ltr'>in</span> <span class='ocrx_word' id='word_1_409' title='bbox 1135 3927 1198 3992; x_wconf 78' lang='lat' dir='ltr'>biga</span> <span class='ocrx_word' id='word_1_410' title='bbox 1215 3934 1254 3976; x_wconf 91' lang='lat' dir='ltr'>est</span> <span class='ocrx_word' id='word_1_411' title='bbox 1271 3943 1336 3993; x_wconf 90' lang='lat' dir='ltr'>equs</span> <span class='ocrx_word' id='word_1_412' title='bbox 1352 3943 1429 3978; x_wconf 86' lang='lat' dir='ltr'>cecus</span> <span class='ocrx_word' id='word_1_413' title='bbox 1444 3925 1497 3974; x_wconf 85' lang='grc'><strong>267.</strong></span> 
     </span>
     <span class='ocr_line' id='line_1_50' title="bbox 386 3992 1442 4058; baseline 0.003 -17"><span class='ocrx_word' id='word_1_414' title='bbox 386 3994 516 4042; x_wconf 84' lang='lat' dir='ltr'>novitates</span> <span class='ocrx_word' id='word_1_415' title='bbox 533 3992 629 4042; x_wconf 87' lang='lat' dir='ltr'>ordinis</span> <span class='ocrx_word' id='word_1_416' title='bbox 646 3993 687 4041; x_wconf 89' lang='lat' dir='ltr'>sui</span> <span class='ocrx_word' id='word_1_417' title='bbox 704 4009 783 4058; x_wconf 87' lang='lat' dir='ltr'>quam</span> <span class='ocrx_word' id='word_1_418' title='bbox 805 3993 929 4043; x_wconf 86' lang='lat' dir='ltr'>mandata</span> <span class='ocrx_word' id='word_1_419' title='bbox 954 3993 955 4039; x_wconf 85' lang='lat' dir='ltr'>l</span> <span class='ocrx_word' id='word_1_420' title='bbox 980 3995 1092 4044; x_wconf 86' lang='lat' dir='ltr'>—daees</span> <span class='ocrx_word' id='word_1_421' title='bbox 1109 4001 1139 4045; x_wconf 91' lang='lat' dir='ltr'>ut</span> <span class='ocrx_word' id='word_1_422' title='bbox 1156 3996 1254 4046; x_wconf 84' lang='lat' dir='ltr'>i&#39;aciant</span> <span class='ocrx_word' id='word_1_423' title='bbox 1271 3996 1368 4046; x_wconf 89' lang='lat' dir='ltr'>malum</span> <span class='ocrx_word' id='word_1_424' title='bbox 1387 3997 1442 4045; x_wconf 77' lang='lat'>248.</span> 
     </span>
     <span class='ocr_line' id='line_1_51' title="bbox 386 4061 1341 4132; baseline 0.004 -22"><span class='ocrx_word' id='word_1_425' title='bbox 386 4061 505 4126; x_wconf 84' lang='lat' dir='ltr'>decalogi</span> <span class='ocrx_word' id='word_1_426' title='bbox 522 4064 564 4111; x_wconf 80' lang='lat'>44.</span> <span class='ocrx_word' id='word_1_427' title='bbox 952 4072 954 4132; x_wconf 63' lang='grc'><strong><em>4</em></strong></span> <span class='ocrx_word' id='word_1_428' title='bbox 978 4063 1076 4114; x_wconf 84' lang='lat' dir='ltr'>Audire</span> <span class='ocrx_word' id='word_1_429' title='bbox 1094 4064 1203 4113; x_wconf 90' lang='lat' dir='ltr'>verbum</span> <span class='ocrx_word' id='word_1_430' title='bbox 1222 4064 1265 4114; x_wconf 90' lang='lat' dir='ltr'>dei</span> <span class='ocrx_word' id='word_1_431' title='bbox 1284 4065 1341 4115; x_wconf 84' lang='lat'>120.</span> 
     </span>
    </p>

    <p class='ocr_par' dir='ltr' id='par_1_38' title="bbox 352 4129 1536 4252">
     <span class='ocr_line' id='line_1_52' title="bbox 352 4129 1487 4195; baseline 0.001 -18"><span class='ocrx_word' id='word_1_432' title='bbox 352 4129 499 4179; x_wconf 86' lang='lat' dir='ltr'>Attendunt</span> <span class='ocrx_word' id='word_1_433' title='bbox 523 4145 576 4178; x_wconf 91' lang='lat' dir='ltr'>non</span> <span class='ocrx_word' id='word_1_434' title='bbox 597 4129 653 4178; x_wconf 91' lang='lat' dir='ltr'>ceci</span> <span class='ocrx_word' id='word_1_435' title='bbox 680 4145 725 4195; x_wconf 88' lang='lat' dir='ltr'>per</span> <span class='ocrx_word' id='word_1_436' title='bbox 751 4145 829 4195; x_wconf 89' lang='lat' dir='ltr'>quam</span> <span class='ocrx_word' id='word_1_437' title='bbox 855 4129 926 4178; x_wconf 89' lang='lat' dir='ltr'>viam</span> <span class='ocrx_word' id='word_1_438' title='bbox 978 4131 1088 4182; x_wconf 82' lang='lat' dir='ltr'>Aufcrre</span> <span class='ocrx_word' id='word_1_439' title='bbox 1106 4132 1233 4182; x_wconf 87' lang='lat' dir='ltr'>discordie</span> <span class='ocrx_word' id='word_1_440' title='bbox 1250 4134 1417 4183; x_wconf 88' lang='lat' dir='ltr'>seminarium</span> <span class='ocrx_word' id='word_1_441' title='bbox 1434 4133 1487 4182; x_wconf 85' lang='grc'><strong>591.</strong></span> 
     </span>
     <span class='ocr_line' id='line_1_53' title="bbox 386 4197 1536 4252; baseline 0.001 -6"><span class='ocrx_word' id='word_1_442' title='bbox 386 4197 483 4247; x_wconf 89' lang='lat' dir='ltr'>debent</span> <span class='ocrx_word' id='word_1_443' title='bbox 499 4198 571 4248; x_wconf 88' lang='lat' dir='ltr'>viare</span> <span class='ocrx_word' id='word_1_444' title='bbox 589 4197 623 4246; x_wconf 87' lang='lat' dir='ltr'>ad</span> <span class='ocrx_word' id='word_1_445' title='bbox 640 4199 724 4248; x_wconf 90' lang='lat' dir='ltr'>celum</span> <span class='ocrx_word' id='word_1_446' title='bbox 744 4199 801 4248; x_wconf 90' lang='grc'><strong>276.</strong></span> <span class='ocrx_word' id='word_1_447' title='bbox 978 4228 1011 4236; x_wconf 94' lang='grc'>-</span> <span class='ocrx_word' id='word_1_448' title='bbox 1047 4201 1213 4250; x_wconf 89' lang='lat' dir='ltr'>dissensionis</span> <span class='ocrx_word' id='word_1_449' title='bbox 1253 4202 1419 4252; x_wconf 85' lang='lat' dir='ltr'>seminarium</span> <span class='ocrx_word' id='word_1_450' title='bbox 1453 4199 1536 4248; x_wconf 79' lang='lat' dir='ltr'>debent</span> 
     </span>
    </p>

    <p class='ocr_par' dir='ltr' id='par_1_39' title="bbox 351 4264 1164 4335">
     <span class='ocr_line' id='line_1_54' title="bbox 351 4264 1164 4335; baseline 0.01 -23"><span class='ocrx_word' id='word_1_451' title='bbox 351 4264 488 4331; x_wconf 82' lang='lat' dir='ltr'>Attiugero</span> <span class='ocrx_word' id='word_1_452' title='bbox 505 4266 695 4316; x_wconf 87' lang='lat' dir='ltr'>beatitudinem</span> <span class='ocrx_word' id='word_1_453' title='bbox 713 4268 771 4318; x_wconf 91' lang='grc'><strong>300.</strong></span> <span class='ocrx_word' id='word_1_454' title='bbox 1012 4285 1088 4335; x_wconf 85' lang='lat' dir='ltr'>reges</span> <span class='ocrx_word' id='word_1_455' title='bbox 1107 4272 1164 4320; x_wconf 88' lang='grc'><strong>572.</strong></span> 
     </span>
    </p>
   </div>
   <div class='ocr_carea' id='block_1_3' title="bbox 0 0 1656 5134">
    <p class='ocr_par' dir='ltr' id='par_1_40' title="bbox 0 0 1656 5134">
     <span class='ocr_line' id='line_1_55' title="bbox 0 0 1656 5134; baseline 0 3"><span class='ocrx_word' id='word_1_456' title='bbox 0 0 1656 5134; x_wconf 95' lang='lat' dir='ltr'> </span> 
     </span>
    </p>
   </div>
  </div>
 </body>
</html>
