3304 5134
93 567 153 613 rap.
175 545 205 614 Ι]
291 548 344 596 DE
361 546 671 595 conresnfflma
686 547 850 595 DUORUM
865 547 1108 597 DOMINORUM.
1234 552 1294 610 699

96 725 214 788 multos
236 725 372 786 fautores
394 731 425 784 et
446 742 501 800 por
515 740 702 800 consequeus
716 720 854 782 membra
873 721 1021 782 anticristi
1043 717 1226 799 multiplicia
1246 721 1298 782 vel

95 837 248 889 tenentes.

187 931 311 991 Dicitur
341 937 443 990 autem
474 927 649 989 anticristus
683 948 722 989 ex
755 927 868 1008 triplici
903 926 1129 1006 significacione
1164 925 1295 988 famosa:

96 1035 199 1113 primo
230 1055 286 1113 pro
317 1031 443 1111 capitali
474 1030 616 1112 dyabolo,
648 1031 699 1112 qui
731 1031 841 1092 sathan
871 1030 983 1092 dicitur
1013 1030 1078 1091 sive
1104 1029 1226 1102 lucifer,
1259 1029 1298 1090 de

70 1151 220 1198 asumma
243 1136 393 1197 ierarchia
415 1135 528 1208 celesti,
551 1136 582 1194 in
605 1133 742 1196 bonitate
764 1143 873 1195 nature
900 1135 1062 1214 precipuus
1088 1135 1167 1194 inter
1193 1153 1299 1194 omnes

96 1240 258 1320 dyabolus,
283 1239 335 1320 qui
357 1260 395 1300 ex
417 1237 561 1318 superbia
583 1237 768 1298 ceciderunt.
810 1236 853 1297 Et
874 1237 954 1298 sicut
974 1237 1049 1298 dous
1070 1236 1166 1298 habet
1186 1237 1218 1297 in
1240 1245 1298 1298 ter-

96 1344 137 1404 ris
168 1343 391 1404 humanitatom
415 1339 507 1402 Cristi
538 1361 626 1401 suum
654 1361 760 1401 verum
792 1341 953 1414 vicarium,
986 1340 1028 1400 sic
1059 1340 1116 1400 iste
1147 1339 1298 1419 dyabolus

95 1445 193 1508 habet
216 1447 248 1506 in
274 1445 362 1506 terris
384 1465 472 1506 suum
495 1445 657 1517 vicarium,
690 1443 741 1524 qui
772 1443 813 1504 ad
844 1442 1011 1504 secundum
1043 1463 1163 1502 sensum
1186 1442 1299 1502 dicitur

96 1549 284 1610 anticristus.
330 1547 437 1608 Tercio
460 1568 533 1609 vero
559 1548 650 1608 modo
678 1557 778 1627 potest
804 1546 1007 1626 quodcunque
1033 1544 1202 1605 membrum
1226 1545 1298 1624 dya-

59 1666 87 1708 ro
98 1651 160 1712 boli
185 1651 248 1711 dici
271 1649 421 1730 dyabolus
444 1670 480 1711 ac
504 1652 600 1712 eciam
623 1651 807 1710 anticristus.
845 1648 932 1710 Sicut
954 1649 1034 1708 enim
1055 1647 1192 1708 membra
1208 1647 1299 1708 Cristi

98 1755 245 1814 dicuntur
259 1755 468 1833 nuncupative
483 1763 607 1834 propter
622 1752 880 1814 inhabitacionem
901 1761 933 1812 et
947 1751 1190 1812 conformitatem
1205 1751 1299 1811 animi

97 1858 162 1936 ipse
187 1856 320 1930 Cristus,
353 1858 396 1918 sic
419 1857 556 1918 membra
583 1856 707 1938 dyaboli
729 1865 853 1936 propter
880 1853 1133 1915 assimilacioncm
1156 1854 1300 1914 dicuntur

97 1959 251 2038 dyabolus
274 1980 310 2020 ac
334 1960 430 2020 eciam
459 1961 642 2021 anticristus.
688 1959 739 2021 Sic
771 1960 852 2020 enim
880 1959 992 2019 veritas
1019 1943 1158 2018 delude
1181 1955 1298 2017 Scario-

96 2064 156 2124 this
180 2063 330 2144 loquitur:
353 2085 454 2124 nonne
470 2085 527 2140 ego
543 2063 703 2124 duodecim
719 2083 774 2124 vos
797 2062 885 2138 elegi,
909 2069 940 2121 st
955 2081 1032 2120 unus
1055 2081 1093 2120 ex
1116 2059 1202 2120 vobis
1225 2060 1298 2138 dya-

61 2167 185 2228 roholus
211 2165 429 2241 cst,10h.ss?⁶
456 2166 498 2226 Et
521 2165 536 2225 I
558 2166 630 2226 Joh.
655 2170 672 2225 2
696 2159 868 2226 scribiturdz
898 2164 940 2223 Et
967 2164 1046 2224 sicut
1067 2163 1203 2234 audistis,
1227 2164 1299 2242 quia

96 2269 273 2330 anticristus
297 2271 396 2343 venit,
421 2290 502 2330 nunc
525 2270 673 2330 anticristi
696 2268 783 2328 multi
806 2267 882 2328 facti
904 2277 983 2327 sunt.

181 2373 227 2433 Et
250 2373 417 2434 concordat
438 2373 652 2451 interpretacio
681 2393 749 2432 cum
776 2372 835 2432 ista
862 2371 1027 2430 sentencia.
1072 2369 1195 2430 Dicitur
1217 2369 1296 2429 cuim

97 2477 273 2536 anticristus
296 2474 336 2536 ab
359 2476 437 2548 anti,
462 2476 543 2556 quod
566 2484 612 2535 est
633 2483 747 2548 contra,
771 2483 802 2534 ot
823 2472 954 2546 Cristus,
990 2474 1076 2552 quasi
1104 2481 1210 2532 contra
1233 2470 1297 2531 Cri-

99 2591 186 2652 stum,
214 2579 293 2639 sicut
315 2588 435 2657 oportet
456 2599 522 2639 csso
544 2598 633 2638 omne
655 2577 825 2638 membrum
841 2575 975 2655 dyaboli.
1021 2575 1113 2636 Unde
1134 2575 1151 2634 I
1169 2575 1240 2636 Joh.
1260 2579 1298 2635 4⁶

61 2683 139 2744 eosic
161 2681 320 2744 scribitur:
349 2681 447 2742 omnis
477 2681 609 2760 spiritus,
634 2681 685 2760 qui
716 2680 807 2741 solvit
829 2679 939 2752 lesum,
956 2687 969 2750 ΙΙ
986 2700 1024 2739 ex
1055 2679 1113 2738 deo
1143 2699 1204 2738 non
1236 2687 1315 2750 est3lt
1329 2690 1469 2742 achsam*

99 2785 201 2845 ethic
225 2793 272 2844 cst
294 2785 478 2856 anticristus
502 2784 540 2844 de
563 2805 622 2863 quo
645 2783 780 2854 audistis,
805 2783 947 2863 quoniam
976 2781 1060 2842 venit
1082 2789 1113 2841 et
1134 2801 1214 2840 nunc
1237 2781 1298 2840 iam

99 2887 127 2946 in
150 2887 267 2948 mundo
291 2895 345 2947 cst.

626 3127 712 3186 (tw.
736 3127 775 3185 ll.

185 3299 249 3359 Sed
278 3299 350 3378 quia
381 3299 555 3359 anticristus
586 3319 646 3358 non
678 3309 779 3377 potest
800 3299 900 3358 Iesum
924 3297 1057 3360 Cristum
1085 3299 1186 3378 quoad
1214 3319 1299 3360 suam

102 3404 254 3481 propriam
278 3400 486 3462 substanciam
514 3402 708 3480 impugnare,
740 3401 847 3462 nititur
869 3411 975 3462 contra
998 3401 1132 3463 Cristum
1154 3403 1184 3462 in
1208 3423 1300 3462 mem-

65 3503 160 3564 ?tbris
182 3505 246 3566 suis
269 3525 369 3582 agere,
394 3524 453 3583 que
475 3513 546 3564 sunt
567 3513 670 3582 partes
692 3504 829 3576 ecclesis,
853 3515 884 3565 ct
904 3505 936 3565 in
960 3505 1036 3584 lege.

184 3607 265 3668 Nam
291 3608 323 3667 in
344 3609 403 3668 ista
425 3607 501 3667 hora
522 3607 686 3668 novissima
703 3617 774 3668 sunt
789 3608 877 3668 multi
893 3609 1040 3669 anticristi
1063 3608 1162 3686 legem
1185 3607 1300 3670 domini

103 3710 327 3790 impugnantes,
351 3719 385 3770 ut
407 3709 450 3769 hii
473 3708 697 3789 blasphemant,
721 3710 802 3791 quod
825 3711 876 3771 lex
899 3711 1046 3790 scripture
1069 3719 1116 3770 est
1137 3711 1300 3771 falsissima

103 3811 151 3872 lex
173 3815 204 3874 in
227 3814 353 3874 mundo.
384 3813 428 3873 Et
448 3813 506 3874 hoc
521 3813 714 3874 machinatus
729 3822 775 3874 est
789 3813 948 3892 dyabolus,
973 3822 1008 3873 ut
1024 3813 1131 3891 regula
1148 3813 1301 3874 catholica

104 3915 130 3974 in
154 3917 338 3978 auctoritate
360 3925 391 3976 et
413 3936 516 3976 amore
539 3915 662 3976 deficiat
684 3917 843 3977 cristianis.
888 3917 968 3976 Nam
993 3917 1017 3975 si
1040 3916 1091 3976 lex
1114 3915 1301 3992 euangelica

66 4021 95 4066 ³⁰
103 4019 140 4077 sit
160 4020 202 4080 sic
224 4019 315 4093 salsa,
338 4019 458 4080 viantes
480 4019 661 4079 naturaliter
681 4019 778 4098 ipsam
808 4029 935 4094 negant,
968 4019 1075 4078 odiunt
1102 4028 1132 4078 et
1154 4037 1209 4095 per
1231 4037 1300 4076 con·

104 4142 228 4202 sequens
251 4125 465 4184 auctoritatem
489 4123 553 4182 eius
575 4123 606 4182 in
629 4142 683 4181 suo
705 4121 853 4199 regimine
876 4122 962 4200 psuvi
985 4120 1133 4199 pendunt.

316 4331 411 4376 ‘saw
479 4323 578 4376 “ara
646 4329 722 4376 ‘aad
