3260 5136
789 533 811 579 J
813 531 980 580 OHANNIS
1004 532 1143 588 afrem,

879 757 965 816 CAP.
990 756 1046 815 Ill.

447 923 579 987 Contra¹
603 949 694 1006 quarn
717 929 901 1006 posicionem
924 927 1025 1004 arguit
1039 923 1183 1006 quidam²
1197 927 1381 986 reverendus
1396 927 1548 985 monachus

359 1031 577 1108 multipliciter.

446 1133 549 1192 Primo
572 1134 627 1193 sic:
653 1132 755 1193 nullus
777 1134 851 1193 ordo
873 1135 1059 1193 monasticus
1074 1132 1168 1192 habet
1184 1132 1338 1192 defectum
1355 1131 1546 1193 essencialem.

307 1229 309 1231 ⁵
360 1246 486 1316 propter
500 1257 588 1316 quem
605 1244 650 1295 est
664 1235 834 1314 culpabilis,
851 1246 881 1295 et
903 1257 972 1296 cnm
991 1235 1087 1295 omnis
1106 1235 1179 1295 ordo
1195 1236 1378 1294 monasticus
1397 1247 1440 1294 est
1454 1235 1548 1311 religio

359 1339 490 1418 private,
522 1339 665 1419 seqnitur,
698 1339 779 1418 quod
810 1359 870 1398 non
902 1340 998 1398 omnis
1020 1339 1126 1416 religio
1150 1338 1270 1416 privata
1292 1337 1388 1397 habet
1409 1337 1578 1398 defectnmr

360 1441 567 1510 essencialem,
588 1451 713 1520 propter
735 1462 825 1522 quem
847 1452 893 1502 est
916 1441 1086 1519 culpabilia.

447 1543 707 1623 Consequentiam
730 1545 804 1604 dicit
827 1553 932 1623 patere
955 1565 1024 1604 cum
1043 1543 1160 1616 minori,
1184 1552 1215 1603 et
1230 1544 1374 1603 maiorem
1391 1543 1490 1620 arguit
1503 1542 1548 1600 sic:

361 1668 450 1707 omne
472 1657 586 1718 votum,
614 1648 646 1705 in
669 1668 728 1726 quo
751 1648 886 1707 consistit
909 1645 1115 1707 essentialiter
1137 1645 1210 1706 ordo
1233 1646 1426 1717 monasticus,
1459 1665 1550 1704 secun·

360 1751 435 1810 dum
458 1770 577 1809 omnem
601 1769 686 1810 suam
709 1751 918 1810 condicionem
941 1747 1156 1810 essencialem³
1178 1748 1326 1808 fundatur
1340 1749 1372 1808 in
1388 1747 1548 1824 ewangelio,

361 1873 406 1924 co,
431 1853 511 1933 quod
534 1872 623 1912 omne
645 1862 750 1912 votnm
772 1849 963 1912 huiusmodi*
986 1861 1031 1912 est
1057 1861 1161 1911 votum
1185 1853 1384 1931 paupertatis,
1417 1849 1579 1911 castitatisn

361 1952 429 2016 vel⁵
453 1954 638 2026 obediencie,
662 1975 734 2032 ergo
758 1957 853 2015 omnis
869 1955 943 2015 ordo
958 1955 1143 2014 monasticus
1158 1955 1325 2014 secundum
1341 1973 1461 2012 omnem
1477 1973 1549 2012 suan

361 2058 569 2118 condicionem
593 2058 789 2118 essencialem
812 2057 962 2118 fundatur
982 2059 1013 2117 in
1041 2056 1215 2134 ewangelio,
1249 2067 1279 2116 et
1300 2077 1357 2135 per
1379 2075 1549 2136 consequens

362 2160 465 2220 nullus
495 2161 569 2219 ordo
601 2161 784 2220 monasticus
806 2159 900 2220 habet
922 2160 1076 2220 defectum
1099 2157 1304 2230 essencialem,
1329 2169 1455 2237 propter
1475 2179 1547 2238 quem

363 2272 408 2323 est
431 2262 601 2340 culpabilis.

449 2365 511 2425 Hic
534 2361 663 2425 dicitur⁶
685 2366 834 2443 negando,
868 2365 949 2444 quod
972 2364 1074 2424 nullus
1096 2365 1169 2423 ordo
1193 2365 1377 2426 monasticus
1400 2365 1492 2424 habet
1511 2363 1549 2422 dc-
1558 2371 1577 2415 15

361 2469 477 2529 fectum
509 2468 715 2540 essencialem,
748 2476 873 2546 propter
904 2487 994 2548 quem
1025 2476 1071 2527 est
1101 2465 1272 2544 culpabilis.
1322 2467 1366 2527 Et
1396 2469 1438 2528 ad
1460 2465 1549 2546 pmba·

361 2572 480 2632 cionem
499 2571 563 2631 eius
578 2590 646 2631 cum
662 2571 705 2632 sic
721 2571 870 2648 arguitur:
895 2591 984 2630 omne
999 2578 1104 2630 votum
1120 2575 1203 2643 etcfl,
1227 2569 1338 2629 dicitur
1352 2569 1411 2631 hoc
1427 2568 1549 2649 negando

362 2695 407 2748 ee,
436 2675 515 2755 quod
543 2683 648 2734 votum
671 2672 856 2745 obediencie,
884 2675 916 2733 in
944 2692 1003 2752 quo
1026 2673 1162 2732 consistit
1184 2673 1391 2733 essentialiter
1413 2673 1486 2733 ordo
1505 2671 1551 2750 pn'-

363 2787 453 2837 vatus
483 2776 676 2847 monasticus,
708 2796 769 2835 non
792 2775 959 2836 secundum
982 2795 1101 2834 omnem
1125 2775 1333 2835 condicionem
1356 2795 1445 2835 suam
1470 2793 1550 2834 essen

362 2878 472 2939 cialem
503 2877 651 2939 fundatur
680 2879 711 2937 in
743 2878 917 2956 otrangelio,
951 2899 1020 2938 cnm
1052 2886 1156 2937 votum
1188 2877 1287 2956 ipsum
1319 2878 1485 2938 secundum
1509 2875 1579 2934 alian

280 2966 284 2975 ¹
363 3001 455 3060 quam
477 2981 541 3040 eius
564 2981 773 3041 condicionem
795 2975 926 3058 obliget⁷
950 2981 990 3040 ad
1013 2979 1197 3041 servandum
1219 2979 1295 3040 ritus
1317 2979 1467 3040 humanos
1485 2977 1550 3037 ultra

363 3082 429 3155 hoc,
455 3083 534 3162 quod
558 3083 711 3143 facilitant
732 3084 772 3143 ad
795 3082 1025 3143 observanciam
1047 3081 1200 3160 religionis
1228 3071 1397 3142 eommunis
1421 3081 1551 3162 perfecto

200 3205 210 3256 ῃ
223 3205 349 3253 esaarsaa
363 3205 440 3256 rum,
473 3196 507 3245 ut
537 3181 638 3263 prius⁶
670 3195 716 3246 est
745 3185 916 3266 probatum.
936 3193 947 3254 ΙΙ
963 3185 1015 3244 Ex
1046 3206 1105 3265 quo
1137 3185 1280 3264 sequitur,
1313 3185 1395 3264 quod
1427 3187 1459 3246 in
1482 3181 1551 3242 nulla

363 3287 542 3348 obediencia
564 3309 640 3366 pure
662 3289 848 3366 ewangelica
870 3289 995 3366 speciali
1017 3288 1067 3348 vel
1090 3285 1225 3364 generali
1248 3307 1286 3346 ex
1309 3296 1380 3347 voto
1402 3289 1486 3350 facta
1499 3304 1551 3365 pre

363 3391 426 3450 lato
449 3390 505 3450 sub
529 3391 585 3450 deo
608 3401 732 3471 propter
754 3411 888 3450 amorem
912 3390 960 3450 dei
983 3391 1151 3451 fundantur
1172 3390 1319 3468 implicite
1336 3389 1384 3450 vel
1403 3385 1580 3470 explicite*?⁵

363 3511 468 3552 omnes
499 3493 581 3552 licite
612 3502 643 3553 et
673 3493 798 3554 honeste
829 3492 1026 3552 observanciis
1057 3493 1223 3553 monastice
1258 3492 1429 3554 secundum
1465 3508 1552 3551 omnes

363 3615 434 3655 sues
457 3595 649 3656 condiciones
672 3595 861 3666 essenciales,
885 3614 929 3665 e0,
954 3595 1035 3674 quod
1057 3596 1197 3655 statuicio
1219 3595 1354 3655 humana
1376 3596 1499 3657 istarum
1513 3591 1552 3650 ob·

365 3717 429 3722 .-....-
445 3715 685 3722 -——---——-0-
703 3716 708 3722 ι

579 3783 655 3831 CAP.
675 3782 734 3830 III.
768 3787 779 3808 ‘¹
799 3781 971 3846 Opaltocel.
991 3781 1049 3847 Bff.
1119 3778 1279 3846 ‘'cpalooc
1292 3786 1391 3844 pam

434 3954 582 4002 OAPJII.
619 3951 717 4002 ¹1ns
736 3955 757 4001 ir
775 3953 834 4000 aad.
852 3954 972 4000 tantan.-
990 3949 1105 4002 NotaA¹
1175 3949 1388 4020 2(ῃιίιΙιιιυΑαβ
1436 3948 1553 4018 quirent

362 4035 619 4109 ³essencta10msp
653 4040 732 4088 emt*
764 4052 869 4088 suarna
933 4033 987 4088 ⁴v.
1006 4037 1079 4090 ὴ,οα
1099 4039 1142 4099 (in
1159 4039 1180 4086 C
1195 4040 1341 4100 transposed
1358 4039 1389 4102 by
1406 4038 1504 4098 marka)
1534 4031 1551 4080 h-

363 4123 446 4192 adp
515 4123 661 4194 ⁵vels10g3
714 4131 767 4174 etn
856 4121 1026 4174 ‘dicituroa
1064 4122 1217 4192 ‹licuntsls'l⁹
1251 4125 1277 4172 iu
1297 4125 1432 4174 Ciaadd.
1451 4125 1475 4172 is
1490 4135 1550 4170 atara¹

364 4209 509 4274 Responsio
528 4208 561 4258 0¹
631 4207 833 4278 'obligetACgl
880 4210 1005 4276 obligata
1075 4207 1249 4260 ⁸iimdautur
1266 4210 1308 4259 im.
1327 4226 1352 4258 v.
1372 4213 1446 4260 eaC
1476 4203 1552 4256 funda·

364 4301 408 4343 tur
425 4296 468 4344 im.
487 4311 511 4344 v.
531 4310 571 4344 ex.
585 4315 602 4346 α
639 4296 765 4344 fundatur
782 4311 823 4346 ex.
841 4313 866 4346 v.
885 4295 945 4360 imp.
956 4293 1002 4364 Ap
