3312 5128
371 534 432 590 165
805 525 983 576 caasser
1002 513 1132 576 15551.

360 700 466 748 Fratres
483 698 580 747 debent
597 697 702 747 obedire
719 699 849 763 preceptis
870 713 937 764 pape
962 709 964 761 1
989 697 1094 748 Fratres
1120 696 1225 747 1111511111
1251 697 1285 747 55
1311 697 1439 762 episcopis
1466 709 1564 762 possum

396 769 454 817 462.
1025 765 1170 816 ministrare
1188 767 1246 816 512.

361 835 529 901 -precipui
555 837 715 884 sentenciam
742 851 810 901 pape
833 837 873 884 sui
894 851 938 902 ap·
991 860 1024 870 -·
1043 841 1070 883 et
1087 835 1133 884 filii
1150 850 1278 900 paparum
1296 834 1415 900 inopere
1430 834 1561 899 proditori·

396 906 506 970 probant
524 913 550 953 et
567 903 720 954 confirmant
738 905 796 954 462.
1026 903 1188 953 collaborant
1206 905 1265 953 603.

360 1000 394 1009 -
414 975 550 1022 manifeste
576 973 690 1037 produnt
715 974 812 1038 populo
835 972 939 1024 hereses
992 997 1025 1008 -
1043 980 1133 1021 contra
1150 971 1230 1021 fidem
1247 987 1320 1037 spem
1337 971 1516 1022 etcaritatem
1532 987 1554 1020 er

397 1043 483 1105 regnis
502 1042 673 1091 destructivae
689 1045 748 1092 463.
1026 1047 1150 1090 raverunt
1167 1043 1225 1092 594.

362 1110 557 1175 —proditores
588 1111 716 1160 falsissimi
746 1119 800 1160 tam
827 1111 939 1176 corporis
994 1136 1025 1145 -
1045 1109 1163 1159 domibus
1180 1109 1291 1159 i⁷isitatis
1309 1107 1466 1158 discordiam
1484 1108 1559 1157 dicun:

397 1193 475 1246 quam
493 1179 646 1229 5111151462.
1027 1180 1084 1228 310.

363 1275 394 1285 -
415 1254 528 1296 5115515
551 1247 602 1296 alie
624 1265 678 1297 non
699 1247 799 1298 audent
816 1249 939 1314 detegere
994 1273 1024 1282 -
1043 1247 1160 1312 precipui
1177 1245 1264 1296 hostes
1282 1245 1394 1296 ecclesie
1413 1247 1477 1308 5'l43
1497 1248 1546 1294 593.

397 1316 475 1366 fidem
493 1331 566 1366 suain
585 1318 643 1367 999.
993 1341 1024 1351 -
1044 1315 1183 1365 abhorrent
1200 1315 1269 1381 quod
1287 1315 1329 1365 lex
1343 1315 1420 1365 Cristi
1436 1315 1464 1363 iu
1476 1314 1560 1380 Angla

364 1412 396 1421 -
415 1400 431 1434 a
448 1385 539 1450 planta
561 1385 634 1450 pedis
658 1401 740 1451 usqua
764 1385 796 1435 ad
815 1385 939 1436 verticem
965 1430 967 1457 Ι
1027 1384 1174 1448 publicetur
1193 1385 1251 1434 255.

397 1454 539 1503 mendaciis
557 1456 640 1518 operti
658 1457 716 1505 351.
994 1483 1025 1491 —
1043 1452 1172 1503 inhabiles
1194 1453 1309 1502 indebite
1326 1451 1480 1502 mendicant
1495 1452 1545 1499 465.

363 1550 396 1558 -
416 1523 505 1572 dicunt
519 1522 661 1573 Sathanam
679 1525 705 1572 in
723 1524 805 1589 primo
823 1524 940 1573 millena·
965 1556 967 1567 .
994 1547 1024 1556 —
1044 1522 1174 1586 propriam
1186 1522 1351 1571 sanctitatem
1364 1521 1463 1571 habere
1481 1521 1559 1568 rotun:

398 1592 435 1640 rio
462 1591 545 1657 magis
571 1594 684 1642 solutum
711 1593 790 1642 fuisse
813 1607 891 1657 quam
913 1592 939 1640 in
1027 1592 1085 1640 410.

398 1660 511 1709 secundo
529 1660 588 1709 392.
994 1685 1022 1693 -
1044 1674 1113 1724 papo
1131 1659 1259 1708 bonasus
1270 1659 1358 1707 omnia
1371 1658 1557 1707 (151151551255.

364 1756 394 1764 -
414 1730 577 1778 occasionem
600 1729 663 1779 dant
684 1729 718 1778 ad
738 1728 821 1779 libere
843 1728 941 1778 mendi·
966 1770 967 1801 .
994 1753 1025 1762 -
1044 1727 1187 1792 proditores
1205 1727 1336 1775 manifesti
1354 1725 1397 1776 dei
1415 1727 1473 1775 218.

398 1798 509 1847 candum
529 1799 587 1847 369.
966 1806 967 1827 ¹
993 1795 1027 1844 ad
1047 1823 1078 1832 -
1091 1811 1143 1861 pax
1155 1795 1198 1844 dei
1209 1810 1344 1860 nunquam
1354 1801 1499 1845 revertetur
1509 1795 1557 1842 315.

364 1893 395 1901 -
415 1867 479 1915 alios
497 1866 677 1931 depauperant
694 1868 751 1916 369.
993 1864 1063 1930 apud
1081 1891 1114 1901 -
1133 1879 1223 1913 sensus
1242 1863 1340 1914 domini
1352 1872 1392 1913 est
1404 1863 1557 1912 absconditu·

365 1962 396 1969 -
415 1934 498 1999 spolia
515 1933 548 1983 de
566 1935 725 2000 pauperibus
738 1933 886 1989 mendicata
902 1935 942 1983 in-
1026 1935 1085 1984 312.

398 2004 485 2053 151551
505 2005 563 2052 369.
992 2011 1082 2051 contra
1100 2029 1132 2038 -
1150 2007 1288 2066 peccatum
1306 2002 1347 2050 95.

364 2070 543 2136 -spoliandi
564 2086 643 2120 causa
665 2071 693 2120 iu
710 2071 829 2120 domibus
852 2072 940 2122 immo-
966 2070 968 2175 ῐ
992 2087 1088 2136 per-
1108 2069 1236 2133 dyabolus
1253 2069 1378 2118 ecclesias
1389 2070 1507 2134 antiquas
1523 2065 1557 2114 ds·

399 2147 489 2189 rantur
507 2140 564 2189 310.
966 2180 968 2203 ,
1027 2139 1103 2188 struit
1121 2140 1179 2188 254.

364 2235 396 2243 —
410 2224 461 2256 555
475 2207 651 2272 impediuntur
662 2209 695 2258 ab
705 2209 940 2274 ewangelizacione
992 2223 1040 2274 per
1057 2235 1091 2244 -
1110 2206 1238 2270 dyabolus
1255 2205 1383 2256 mundum
1403 2205 1557 2271 1151551551-

400 2277 509 2326 ecclesie
528 2278 586 2326 310.
966 2324 968 2335 ,
1027 2277 1059 2325 111
1077 2277 1135 2326 255.

366 2372 397 2380 -
417 2345 588 2394 excedentem
606 2344 723 2394 Scarioth
741 2345 839 2396 habent
857 2346 914 2396 310.
966 2396 968 2421 Ι
993 2345 1113 2394 Fratrum
1125 2342 1511 2393 55515515151115151511151511
1524 2343 1557 2388 91.

363 2438 398 2447 -
415 2430 468 2463 555
485 2414 622 2463 debentes
636 2414 661 2462 111
675 2415 749 2464 birris
761 2429 870 2464 onerare
883 2417 940 2464 310.
993 2441 1025 2451 -
1044 2413 1136 2479 religio
1154 2427 1224 2462 vana
1241 2413 1356 2462 511218.

364 2483 499 2531 -solum
526 2482 692 2532 mendicandi
720 2483 809 2549 515515
837 2483 941 2533 domum
967 2530 968 2565 p
995 2509 1024 2518 —
1046 2482 1192 2547 periculosa
1209 2481 1329 2530 versucia
1351 2482 1411 2531 412.

398 2552 572 2601 1511551310.
995 2577 1025 2587 -
1044 2551 1137 2616 rapina
1154 2550 1222 2615 rapit
1238 2549 1317 2599 fidem
1340 2550 1489 2608 55551515,
1515 2565 1557 2597 uon

363 2644 397 2655 —
416 2620 491 2670 multi
508 2620 631 2670 dicuntur
648 2635 704 2668 esse
722 2619 828 2684 dyaboli
846 2622 904 2670 363.
967 2601 969 2687 l
1028 2619 1112 2668 solum
1129 2625 1267 2683 argentum
1286 2625 1312 2668 et
1329 2633 1422 2668 551515
1441 2621 1480 2668 at.

365 2719 395 2727 -
416 2689 581 2754 multiplicati
606 2696 667 2738 sunt
693 2689 720 2738 in
747 2689 942 2738 meudicacione
967 2710 969 2749 2
995 2716 1026 2724 -
1046 2703 1142 2754 magna
1160 2701 1219 2752 pars
1230 2687 1308 2738 debet
1325 2703 1383 2737 esse
1399 2689 1479 2738 151511
1496 2699 1557 2752 pane

399 2765 425 2807 et
443 2757 585 2807 mendaciis
604 2759 662 2807 366.
966 2774 969 2829 y
1029 2756 1138 2806 ecclesie
1157 2757 1215 2805 108.

365 2853 397 2862 -
416 2827 521 2890 dyaboli
539 2842 596 2876 esse
615 2826 737 2876 dicuntur
754 2828 812 2875 364.
995 2853 1026 2861 -
1046 2826 1129 2891 magis
1147 2824 1262 2889 perversi
1280 2823 1404 2874 demonia
1419 2827 1459 2874 35.

363 2896 441 2944 -15
464 2895 659 2945 meudicacione
681 2894 793 2944 induunt
815 2895 943 2944 condicio·
996 2921 1026 2929 —
1046 2893 1493 2944 1151511155115151551555151195.

400 2980 461 3013 5515
479 2963 585 3027 dyaboli
603 2965 661 3013 361.
995 2989 1027 2998 -
1046 2963 1127 3028 aliqui
1136 2969 1196 3010 sunt
1208 2960 1300 3010 fideles
1312 2961 1394 3027 aliqui
1402 2962 1513 3028 perversi
1525 2964 1555 3010 11.

364 3059 397 3068 -
415 3032 517 3098 eligunt
534 3032 560 3080 in
579 3031 712 3082 ordinibus
734 3032 880 3081 anticristus
897 3030 942 3080 ali-
997 3059 1026 3067 —
1046 3030 1239 3080 incontinencia
1256 3031 1397 3096 comoralis
1414 3033 1455 3080 40.

398 3118 463 3166 quos
481 3102 538 3150 361.
967 3138 970 3173 Ι
995 3130 1025 3138 -
1046 3100 1149 3148 habitus
1168 3099 1325 3148 5115115515
1344 3099 1460 3150 515135.

365 3195 397 3204 -
416 3169 581 3218 menciuntur
597 3185 625 3218 se
638 3169 729 3219 extolli
740 3183 818 3234 supra
831 3167 942 3218 01111551
996 3195 1028 3203 -
1047 3168 1160 3217 claustra
1176 3168 1218 3217 11.

401 3239 458 3287 361.
995 3263 1027 3272 -
1046 3250 1117 3285 vana
1133 3235 1225 3302 religio
1243 3237 1284 3284 te.

367 3332 398 3341 -
418 3306 450 3354 de
463 3305 619 3356 fundacione
635 3321 740 3356 suorum
752 3305 872 3356 ordinum
884 3307 942 3355 353.
995 3333 1027 3342 -
1047 3305 1176 3354 laboriosa
1194 3303 1341 3354 sollicitudo
1359 3306 1401 3354 39.

366 3401 398 3411 -
418 3373 510 3423 volunt
532 3374 656 3424 inducere
677 3375 787 3424 invenes
805 3375 898 3424 divites
916 3374 943 3423 in
997 3399 1029 3406 -
1047 3373 1177 3423 habitacio
1194 3379 1348 3440 sumptuosa
1366 3375 1424 3424 103,

401 3449 484 3492 artem
502 3443 703 3493 meudicaciouis
721 3445 779 3494 361.
996 3471 1026 3480 -
1047 3442 1166 3507 operacio
1185 3443 1241 3492 tos.

365 3538 400 3548 —
419 3511 452 3560 ad
470 3528 535 3561 onus
554 3511 664 3562 ecclesie
680 3512 820 3563 introducti
838 3514 895 3562 368.
996 3538 1028 3546 -
1047 3510 1240 3576 predicaciones
1258 3509 1399 3560 mendaces
1416 3511 1457 3561 91.

366 3607 399 3617 -
418 3595 560 3646 pauperem
572 3581 697 3646 populum
711 3596 795 3645 usque
812 3581 847 3630 ad
865 3595 944 3646 egen·
996 3581 1068 3629 —in
1081 3579 1197 3628 ordinem
1206 3579 1415 3644 ingredientibus
1424 3579 1517 3629 malum
1526 3579 1558 3626 96.

401 3649 467 3698 ciam
485 3649 596 3713 spoliare
615 3649 782 3699 1515111361.
996 3677 1028 3684 -
1047 3649 1089 3698 151
1108 3648 1199 3697 melior
1219 3650 1260 3698 96.

366 3744 398 3752 -
411 3718 942 3768 15155155551555555151551115515366.
996 3745 1028 3754 -
1047 3715 1209 3783 presumpcio
1226 3718 1267 3766 96.

367 3813 397 3822 -
417 3787 588 3836 consenciunt
610 3787 710 3836 51151151
727 3788 768 3836 151
790 3788 943 3836 155151551-
997 3813 1028 3822 —-
1048 3784 1207 3835 introduccio
1225 3785 1252 3834 in
1269 3784 1407 3834 ecclesiam
1428 3787 1469 3835 94.

400 3855 468 3920 poris
486 3855 544 3905 331.
997 3881 1027 3890 -·
1048 3855 1112 3904 titus
1129 3853 1247 3919 putridus
1264 3855 1306 3903 93.

366 3949 398 3958 -
417 3939 470 3972 555
488 3924 627 3973 observant
645 3923 731 3986 legem
750 3923 792 3973 dei
811 3924 868 3973 332.
995 3950 1030 3959 -
1048 3923 1178 3972 novitates
1195 3921 1339 3987 culpabiles
1359 3923 1401 3971 93.

367 4017 398 4026 -
417 3991 573 4055 ydolatriam
591 3993 755 4041 counnittunt
773 3993 831 4041 332,
997 4021 1028 4027 -
1048 3991 1250 4056 spoliacionibus
1266 3991 1387 4040 resistere
1407 3992 1463 4040 191.

367 4085 398 4096 -
419 4061 537 4124 ordinum
554 4060 682 4110 homicide
701 4069 762 4110 suut
782 4062 839 4109 332.
969 4086 971 4099 ·
996 4088 1027 4097 —
1047 4061 1147 4125 species
1164 4059 1299 4108 auferatur
1316 4059 1350 4108 de
1367 4059 1475 4108 ecclesia
1492 4058 1527 4106 60.

366 4155 398 4164 -
418 4128 521 4194 culpam
533 4129 690 4178 contrahunt
702 4145 734 4178 ex
747 4144 875 4179 consensu
885 4131 942 4179 333.
968 4140 970 4167 ¹
997 4157 1026 4166 —
1048 4127 1175 4178 correccio
1194 4129 1235 4177 19.

367 4222 398 4232 -
418 4197 433 4245 1.
465 4214 487 4247 5.
518 4198 632 4264 religiosi
661 4198 755 4263 privati
785 4198 943 4263 propositum
996 4225 1028 4234 -
1046 4196 1146 4263 perfida
1163 4212 1228 4262 gens
1248 4197 1289 4246 19.

285 4259 292 4270 “
401 4281 476 4315 suum
493 4267 653 4316 custodirent
671 4269 729 4317 505.
996 4295 1028 4303 -
1047 4266 1177 4315 novitates
1195 4264 1337 4330 culpabiles
1354 4263 1491 4314 introducta
1508 4260 1539 4308 93.
1623 4313 1624 4316 ¹
