3260 5136
345 551 407 608 492
779 546 801 592 J
802 545 970 592 OHAXXIS
994 545 1103 592 WICLI
1106 545 1133 600 F,
1446 533 1513 602 [cap.
1534 535 1552 582 Ι

430 715 542 778 Item⁸z
575 719 671 776 omnis
702 717 808 794 religio
836 716 1003 794 impediens
1026 738 1113 778 suum
1137 715 1335 795 professorem
1363 711 1403 770 ad
1426 729 1550 770 servan·

344 823 417 882 dum
450 822 523 881 ritus
554 820 709 896 religiosos
731 820 762 879 in
785 839 926 879 mensura
947 841 1023 898 pure
1046 817 1240 896 euangelica,
1273 836 1334 897 qua
1357 823 1427 874 sunt
1450 833 1469 872 a
1491 813 1549 872 deo

344 926 447 1004 positi,
485 919 549 983 est⁹
585 923 756 1002 culpabilis.
824 921 901 982 Cum
936 943 1007 1000 ergo
1042 923 1139 982 omnis
1175 921 1280 998 religio
1311 911 1472 998 privatam
1504 933 1551 973 est

344 1027 516 1087 huiusmodi
538 1025 653 1104 religio,
678 1027 821 1105 sequitur,
845 1026 925 1106 quod
946 1025 1041 1086 omnis
1057 1025 1162 1102 religio
1177 1025 1299 1103 privata
1314 1031 1360 1082 est
1375 1017 1548 1098 culpabilis.

430 1129 520 1189 Patet
542 1130 762 1208 consequencia
785 1150 854 1188 cum
878 1129 985 1188 minori
1008 1137 1038 1188 et
1061 1129 1156 1187 maior
1177 1147 1232 1206 per
1253 1126 1321 1196 hoc,
1345 1123 1427 1203 quod
1451 1121 1579 1180 omniss

342 1233 515 1292 huiusmodi
546 1232 652 1310 religio
684 1232 802 1306 obligat
832 1253 920 1291 suum
952 1231 1151 1310 professorem
1183 1229 1223 1290 ad
1255 1225 1442 1288 servandum
1476 1224 1549 1283 ritus

342 1335 497 1412 religiosos
519 1336 550 1394 in
573 1355 715 1394 mensura
737 1335 880 1404 humana,
905 1354 965 1414 qua
988 1333 1119 1394 suntab
1142 1332 1263 1392 homine
1287 1329 1386 1410 positi.

429 1437 517 1497 Item:
552 1439 648 1497 omnis
671 1438 777 1514 religio
800 1437 940 1514 obligans
963 1457 1050 1496 suum
1074 1436 1284 1515 professorem,
1313 1432 1387 1491 dum
1411 1439 1458 1490 est
1482 1427 1549 1488 sub·

342 1541 423 1600 ditus
453 1541 484 1599 in
517 1561 562 1612 ea,
596 1555 812 1619 contempnere
844 1535 989 1599 habere¹¹
1022 1539 1190 1598 mocionem
1222 1537 1272 1597 dei
1302 1557 1358 1614 pro
1386 1531 1549 1594 sufficienti

342 1643 471 1702 licencia
494 1643 532 1702 ed
557 1643 739 1702 variandum
762 1644 793 1701 in
816 1637 958 1702 ritibus¹²
979 1662 1034 1720 pro
1057 1641 1162 1701 debita
1184 1640 1370 1700 execuoione
1392 1635 1549 1714 religionis
1561 1643 1586 1684 Μ

343 1746 511 1804 communis
548 1759 593 1806 est
629 1745 806 1824 culpabilis;
849 1741 952 1806 cum¹³
989 1765 1059 1820 ergo
1091 1745 1188 1803 omnis
1219 1741 1327 1819 religio
1350 1741 1475 1818 privata
1507 1749 1548 1797 est

342 1848 515 1907 huiusmodi
538 1848 654 1923 religio,
679 1849 821 1927 sequitur,
846 1848 926 1928 quod
942 1849 1038 1906 omnis
1054 1847 1159 1921 relipio
1175 1847 1297 1925 privata
1312 1853 1358 1904 θεῖ
1375 1839 1547 1919 culpabilis.

426 1949 519 2009 Patet
541 1951 762 2030 consequenciu
785 1971 853 2010 cum
878 1949 983 2009 maiori
999 1959 1030 2010 et
1044 1945 1175 2008 minor¹⁴
1191 1968 1247 2028 per
1261 1949 1329 2018 hoc,
1354 1943 1438 2025 quod
1454 1941 1547 2002 omnis

341 2051 447 2129 religio
470 2052 592 2130 privato
614 2052 755 2132 prohibet
777 2074 863 2112 suum
887 2053 1096 2130 professorem,
1121 2053 1193 2112 dum
1217 2059 1262 2110 est
1280 2048 1423 2110 subditus
1448 2046 1479 2104 in
1503 2063 1546 2108 ea.

340 2150 474 2214 facere¹⁵
497 2155 670 2215 huiusmodi
701 2150 940 2215 rariucionem¹⁶
962 2155 1025 2214 sine
1048 2155 1185 2214 mocione
1208 2162 1238 2212 et
1260 2151 1391 2212 licencia
1414 2149 1462 2208 sui
1484 2153 1581 2226 pre-15

340 2257 397 2316 lati
419 2256 476 2316 sub
500 2257 557 2316 deo
581 2257 620 2316 ud
644 2257 710 2316 hoc.

427 2357 520 2417 Item:
550 2360 647 2419 omnis
669 2359 775 2436 religio
799 2359 939 2436 obligans
962 2379 1048 2418 suum
1072 2359 1282 2438 professorem,
1313 2357 1390 2416 dum
1412 2364 1459 2414 est
1481 2352 1545 2414 sub·

341 2461 422 2520 ditus
449 2461 481 2518 in
509 2481 554 2533 oa,
584 2461 623 2520 ad
647 2462 834 2541 sequendum
858 2460 980 2538 aliquod
1003 2461 1134 2521 fallibile
1161 2469 1317 2538 tamquam
1342 2457 1483 2536 regulam
1505 2456 1546 2514 in·

340 2563 503 2623 fallibilem
528 2584 582 2642 pro
605 2564 699 2623 ductu
723 2565 768 2623 sui
791 2563 831 2623 ad
854 2562 1084 2634 beatitudinem,
1109 2573 1155 2623 est
1178 2561 1358 2641 culpabilis;
1384 2581 1453 2620 oum
1476 2577 1546 2634 ergo

341 2667 438 2726 omnis
461 2665 567 2742 religio
590 2667 711 2744 privata
734 2677 779 2726 est
801 2661 1005 2725 huiusmodi¹⁷
1028 2666 1145 2742 religio,
1174 2666 1319 2744 sequitur,
1347 2663 1429 2745 quod
1453 2661 1546 2721 omnis
1555 2665 1581 2708 ’Ξῖ

342 2767 448 2844 religio
471 2768 593 2846 privata
616 2778 661 2827 est
684 2767 854 2844 culpabilis.

427 2870 518 2930 Petet
541 2871 760 2947 consequencia
784 2891 853 2930 eum
875 2871 980 2931 maiori
1004 2881 1034 2930 et
1057 2871 1156 2931 minor
1177 2891 1232 2949 per
1255 2870 1325 2941 hoc,
1351 2867 1434 2949 quod
1454 2865 1547 2926 omnis

340 2972 446 3048 religio
473 2972 596 3050 privata
622 2971 739 3048 obligat
765 2993 852 3032 suum
879 2974 1087 3051 professorem,
1116 2974 1189 3034 dum
1216 2981 1263 3032 est
1284 2970 1429 3032 subditus
1450 2969 1481 3028 in
1504 2987 1545 3030 ea

341 3074 381 3134 ad
404 3073 591 3152 sequendum
623 3073 654 3131 in
686 3072 803 3133 actibus
826 3076 940 3136 vocetis
967 3077 1082 3136 neutris
1104 3074 1265 3136 fallibilem
1289 3074 1481 3133 voluntatem
1504 3069 1547 3129 sui

340 3174 452 3254 prelati
474 3174 530 3234 sub
553 3175 609 3234 deo
632 3187 786 3254 tamquam
810 3177 947 3254 regulam
970 3177 1163 3238 infallibilem
1186 3197 1241 3255 pro
1265 3176 1364 3236 ductu
1389 3176 1435 3235 sui
1456 3174 1486 3232 in
1507 3171 1579 3229 sisu

341 3277 380 3337 ad
396 3276 625 3336 beatitudinem.

427 3377 515 3438 Item:
527 3379 622 3438 omnis
631 3379 982 3457 ingrediensreligionem
989 3381 1176 3460 privatamin
1184 3383 1226 3441 sio
1236 3380 1441 3456 ingrediendo
1446 3387 1546 3456 peceat

341 3492 466 3559 propter
479 3481 596 3539 fatuam
613 3481 676 3540 eius
691 3481 882 3554 eleccionem,
898 3503 966 3542 curn
977 3503 1048 3560 ergo
1061 3485 1158 3543 omnis
1172 3483 1278 3560 religio
1288 3484 1416 3562 privata
1424 3478 1546 3542 includit

341 3582 372 3641 in
396 3602 426 3642 εθ
450 3581 655 3646 essencialiter
674 3583 771 3660 ipsam
787 3585 980 3656 eleccionem,
997 3586 1141 3665 sequitur,
1158 3585 1239 3664 qnod
1255 3586 1355 3644 omnis
1371 3583 1477 3662 religio
1491 3581 1546 3660 pri-

340 3695 414 3743 vata
430 3682 635 3743 essenoieliter
649 3693 767 3761 peceat,
784 3695 814 3744 et
828 3707 883 3762 per
898 3708 1084 3766 consequens
1100 3688 1306 3748 esseneialiter
1320 3683 1581 3765 aucupabimur

411 3867 465 3916 εἰη
492 3870 545 3916 cccl.
570 3887 587 3918 α
615 3871 672 3916 ltere
693 3871 744 3917 aad
770 3871 795 3916 ia
826 3872 865 3918 ihc
890 3873 1017 3934 followiay
1047 3890 1127 3928 cases,
1159 3875 1199 3922 tle
1225 3891 1277 3922 new
1304 3879 1437 3936 arment
1462 3871 1543 3935 sstem]

342 3953 436 4016 always
454 3955 537 4015 lepino
554 3970 571 4000 a
588 3971 638 4001 aero
656 3955 706 4002 line
774 3949 785 3978 ⁹
804 3953 965 4023 estAcapt
983 3972 1048 4004 corr.
1067 3959 1176 4007 faterin
1194 3961 1234 4006 flac
1252 3963 1304 4006 tert
1323 3959 1354 4022 ty
1373 3955 1404 4027 β’
1452 3957 1483 4004 sit
1494 3955 1542 4014 (cr-

342 4035 429 4106 campi
482 4037 504 4065 ¹⁰
522 4055 540 4086 r.
560 4053 584 4102 p.
596 4040 632 4088 Ca
669 4035 779 4106 pazis?
849 4037 869 4066 ¹¹
888 4039 1032 4090 habereOu
1069 4041 1171 4112 omufsl
1251 4039 1542 4104 ¹²t'a01herosriti·

342 4123 523 4171 buss'eerared
576 4117 597 4148 ¹³
614 4121 899 4190 cumAf'nfflinmor.
934 4123 1008 4193 ampl
1061 4123 1082 4152 ¹⁴
1101 4127 1185 4177 minor
1194 4126 1240 4196 Αβ
1276 4129 1372 4178 minori
1382 4131 1420 4180 Oa
1473 4121 1493 4154 ¹³
1509 4124 1541 4172 ffl·

342 4204 516 4274 cereACaff
530 4208 629 4255 inmar.
659 4205 725 4275 fresi
778 4205 981 4278 “vanescas
1010 4212 1155 4262 mocionom
1169 4214 1418 4265 etvariecionema
1471 4207 1489 4238 ¹⁷
1507 4218 1542 4258 θεῖ

342 4291 385 4340 hu.
397 4289 455 4358 Cati
491 4297 530 4339 θεῖ
548 4291 684 4355 culpabilis
702 4292 770 4352 (cul.
789 4295 847 4353 ml.)
866 4299 905 4342 est
922 4293 964 4342 hu.
977 4297 999 4342 A
