3312 5128
332 547 392 603 776
768 543 946 591 GENERAL
966 543 1095 590 INDEX.

328 712 469 762 irridentes
487 711 598 761 Cristum
616 712 757 778 punientur
768 713 795 762 in
808 713 850 763 die
863 729 906 764 no·
932 729 934 787 p
960 714 1054 779 Iugum
1073 712 1148 762 Oristi
1167 713 1226 762 iere
1245 719 1272 761 et
1289 729 1370 762 suave
1387 713 1448 762 304.

362 782 467 830 vissimo
488 781 545 831 333.
959 782 1020 832 Iure
1038 783 1164 831 canoniea
1181 781 1307 831 anticristi
1325 782 1382 832 562.

329 850 396 898 irrisi
416 855 492 898 erunt
509 850 535 898 in
553 850 654 899 inferno
666 851 781 899 irrisores
793 850 835 899 dei
848 852 906 901 335.
932 822 934 895 l
958 851 1090 900 Iuratores
1102 850 1234 916 accipiunt
1245 865 1340 900 nomen
1353 851 1395 900 dei
1407 852 1550 916 supertiuc

328 918 461 968 irrisiones
480 918 521 968 dei
533 925 595 967 sunt
606 919 682 984 signa
693 919 835 984 ypocritieu
848 921 906 970 334.
995 921 1052 970 120.

327 986 445 1036 irrisores
463 987 506 1035 ‹iei
523 987 639 1036 ordinem
657 1003 731 1037 sumu
745 987 906 1036 11111ιὶ1115111-
931 968 933 1057 l
958 986 1391 1038 iurisdiceioiictaetinfrmdabiiis
1401 1003 1477 1054 pape
1490 991 1550 1038 671.

363 1055 447 1120 ligunt
465 1057 523 1104 335.
931 1098 932 1106 .
961 1085 991 1091 -
1010 1056 1164 1122 episcopalis
1182 1059 1223 1107 69.

329 1150 360 1159 -
381 1124 422 1172 dei
434 1124 468 1173 ab
480 1123 626 1173 hominibus
639 1125 764 1189 puniendi
776 1126 905 1176 1111111335.
931 1116 933 1193 l
960 1125 1079 1175 -iouem
1096 1124 1220 1174 inludea
1231 1125 1329 1175 Gristus
1341 1126 1466 1175 lindtavit
1489 1129 1549 1176 ess.

331 1219 361 1227 —
382 1192 424 1240 dei
437 1193 463 1240 in
476 1193 577 1242 inferno
589 1193 741 1243 etenraliter
752 1194 818 1243 irrisi
830 1199 907 1244 erunt
930 1252 932 1302 ⁴
959 1194 1095 1244 —ionibus
1129 1193 1320 1259 episcopalibus
1348 1211 1399 1243 non
1431 1196 1550 1244 subsunt

363 1263 419 1311 335.
993 1262 1085 1313 fratres
1104 1263 1145 1314 69.

328 1356 359 1364 —
374 1329 416 1378 dci
429 1329 546 1394 obligant
555 1346 583 1378 se
593 1331 711 1379 carencie
722 1331 836 1380 caritatis
845 1332 904 1381 335.
931 1307 932 1331 l
957 1330 1065 1381 iusticia
1081 1331 1166 1396 operis
1183 1331 1211 1380 111
1228 1331 1342 1381 vivendo
1361 1333 1419 1382 112.

328 1426 358 1431 —
377 1397 419 1446 dei
437 1413 453 1447 a
471 1397 521 1446 deo
539 1398 683 1462 puniuntur
700 1401 758 1450 335.
930 1376 932 1433 l
958 1426 991 1436 -
1009 1401 1092 1465 prims
1110 1400 1174 1450 deus
1192 1401 1251 1450 224.

326 1467 352 1514 111
363 1467 484 1516 -oribus
493 1467 535 1516 dei
545 1467 617 1516 nulla
629 1469 723 1517 caritas
735 1467 854 1518 ordinata
867 1474 906 1518 est
959 1495 990 1504 -
1010 1469 1130 1518 intercisa
1149 1470 1206 1519 343.

362 1537 419 1586 335.
929 1528 931 1617 l
959 1565 990 1572 —
1013 1537 1153 1602 spiritualis
1174 1537 1346 1604 preeiigenda
1363 1538 1468 1587 iusticie
1493 1556 1545 1588 cor-
1639 1557 1640 1564 ¹

326 1604 443 1654 Irritaoio
461 1604 515 1653 voti
532 1619 626 1669 sponse
645 1605 702 1657 269.
991 1606 1074 1670 poraii
1094 1607 1150 1656 132.

929 1698 931 1709 =
959 1675 1040 1724 —icie
1058 1675 1277 1740 complementum
1297 1675 1354 1726 132.

597 1753 628 1808 J,
929 1740 931 1777 i
959 1769 989 1777 -
1003 1743 1056 1792 vite
1066 1749 1093 1792 et
1102 1745 1187 1809 operis
1196 1743 1333 1794 intendere
1343 1743 1473 1794 debemus
1484 1747 1544 1795 344.

929 1836 930 1867 1
957 1811 984 1860 in
1002 1812 1086 1862 -ioia
1103 1813 1184 1862 animi
1208 1813 1299 1878 religio
1322 1812 1400 1863 Oristi
1423 1816 1544 1864 cousinii

326 1878 838 1942 Iacobusprolribethouorarehorninem
848 1896 904 1944 pro·
929 1872 931 1935 l
991 1881 1050 1930 334.

361 1947 543 2013 porcionuiiter
560 1953 589 1996 ut
607 1953 647 1996 est
664 1953 770 1996 onratus
791 1949 847 1998 112.
929 1958 931 1967 ·
957 1949 1067 1998 -ieiam
1080 1949 1122 1999 dei
1134 1949 1255 1999 monachi
1264 1951 1338 2014 parvi
1347 1951 1469 2015 pendunt
1486 1953 1544 2001 132.

327 2045 358 2050 -
377 2016 404 2064 111
422 2016 568 2080 ewangelio
587 2015 664 2064 Petro
682 2017 828 2066 antefertur
844 2019 902 2067 668.
957 2017 1084 2067 iuvumen
1101 2018 1236 2083 spirituale
1256 2020 1313 2068 131.

328 2111 356 2118 -
378 2085 410 2132 de
429 2085 505 2133 sectis
522 2085 563 2134 46.
929 2116 931 2125 ›
956 2086 1051 2136 Iuvare
1077 2102 1207 2153 pauperes
1233 2087 1344 2144 debiles,
1374 2087 1487 2137 claudos
1519 2100 1543 2137 et

326 2152 464 2201 ieiunandi
493 2159 608 2202 oratores
642 2152 739 2201 assidui
774 2153 905 2204 excedunt
991 2171 1066 2204 cecos
1084 2157 1125 2205 41.

361 2220 474 2269 medium
492 2221 636 2270 virtuosum
654 2223 713 2271 346.
956 2223 1062 2273 Iuvenis
1088 2224 1243 2274 indiscretus
1265 2239 1280 2272 n
1304 2225 1463 2289 parentibus
1486 2243 1542 2291 spo

324 2289 398 2338 Iesus
416 2288 494 2338 iudex
512 2289 629 2354 superior
646 2290 705 2339 466.
990 2291 1070 2342 iiatur
1089 2295 1148 2342 463.

303 2406 307 2414 ,
327 2385 355 2392 —
376 2357 474 2406 Cristus
496 2358 597 2407 locutus
620 2359 704 2407 estin
722 2359 845 2422 apostolis
863 2363 903 2410 68,
958 2376 1038 2410 —nes
1056 2360 1161 2424 dyaboli
1179 2363 1243 2424 363;
1263 2363 1320 2412 364.

328 2455 356 2460 -
376 2426 474 2475 Cristus
497 2426 599 2476 mentiri
621 2442 674 2475 uon
692 2427 776 2491 potuit
793 2443 842 2478 nec
859 2429 904 2478 aii·
929 2454 931 2537 )
958 2457 990 2466 -·
1013 2429 1191 2494 irregulariter
1213 2431 1362 2496 conglobati
1384 2439 1541 2496 putrescunt

359 2494 421 2560 quid
439 2495 559 2558 ignorare
578 2497 618 2545 68.
991 2499 1049 2548 212.

325 2591 356 2600 -
375 2563 497 2613 sustinuit
514 2564 631 2613 seculare
650 2563 792 2613 dominium
811 2567 869 2616 686.

326 2632 465 2682 —Gristus
474 2633 651 2682 immediatum
661 2634 902 2698 caputeooiesiebi.
929 2648 930 2721 1
1230 2647 1262 2704 1,,

326 2730 357 2737 -
376 2702 450 2751 venit
467 2702 597 2752 meritorie
615 2702 641 2750 in
660 2717 766 2752 earnem
785 2705 825 2753 65.

326 2787 417 2819 -sum
430 2770 514 2832 solvit,
534 2771 578 2836 qui
597 2777 636 2820 est
648 2786 728 2820 eausa
739 2772 904 2836 quareiesus
956 2772 1042 2822 Labor
1060 2771 1175 2822 tediosus
1193 2779 1219 2821 et
1237 2773 1336 2822 inutilis
1356 2774 1413 2823 13⁸.

361 2845 387 2888 et
396 2840 476 2888 freter
484 2840 511 2888 in
521 2840 625 2889 domino
634 2855 687 2888 nou
696 2839 853 2906 colligantur
861 2841 903 2891 64.
958 2868 989 2877 -
1009 2841 1128 2890 assiduus
1146 2841 1173 2890 111
1191 2841 1303 2891 ecclesis
1320 2841 1396 2890 milit.
1415 2843 1457 2892 ili.

324 2908 368 2956 Ius
386 2923 453 2973 pape
472 2908 504 2957 ad
523 2909 611 2958 omnia
627 2909 696 2957 boun
715 2908 804 2958 mundi
822 2911 881 2959 665,
928 2936 930 2963 ι
957 2925 1048 2958 -ores
1065 2909 1189 2959 meritorii
1214 2910 1360 2974 spoliantur
1381 2910 1415 2959 de
1436 2910 1536 2960 stolidis

325 2976 474 3026 iocaciones
492 2977 548 3026 odit
565 2976 663 3027 cristus
681 2977 739 3026 333.
928 3005 930 3017 ι
992 2980 1047 3027 149.

324 3044 442 3094 iocosum
459 3046 568 3094 verbum
588 3047 628 3097 79.
928 3042 930 3071 ¹
956 3073 987 3081 —
1007 3046 1102 3095 viantis
1120 3045 1219 3096 debent
1230 3045 1286 3096 fieri
1304 3047 1458 3096 incantare
1477 3049 1533 3096 551.

325 3111 456 3162 Iohannes
474 3113 507 3163 do
525 3130 553 3162 se
571 3119 598 3163 et
615 3114 668 3163 suis
685 3114 761 3164 sociis
779 3115 903 3180 apostolis
928 3120 930 3201 i
955 3114 1088 3164 Laborare
1106 3115 1214 3179 propriis
1232 3115 1353 3164 manibus
1373 3117 1429 3166 rei.

360 3180 422 3230 dicit
440 3183 498 3232 499.
928 3230 930 3248 ,
956 3210 984 3218 ·-
1005 3199 1052 3248 pro
1070 3183 1198 3233 eitacione
1216 3183 1324 3233 stultum
1343 3191 1383 3233 est
1401 3185 1459 3233 552.

325 3249 490 3298 Iuriaizantes
507 3265 524 3299 a
535 3250 706 3300 cristianismo
718 3257 779 3301 sunt
790 3253 904 3318 separati
956 3257 1065 3302 -0rant
1082 3251 1194 3317 apostoli
1211 3268 1256 3316 pro
1275 3252 1386 3317 egencia
1408 3267 1456 3302 sus
1476 3255 1531 3300 192.

360 3319 418 3367 352.
927 3284 930 3396 l
956 3347 987 3355 -
1007 3327 1078 3370 scos
1095 3327 1124 3370 ui
1142 3320 1236 3370 unitos
1253 3319 1319 3370 fiant
1336 3323 1378 3370 ss.

323 3386 398 3436 Iudei
411 3401 492 3452 papus
504 3386 681 3437 indifferenter
692 3388 836 3452 respiciunt
844 3390 902 3439 461.
927 3399 930 3479 ἰ
956 3416 987 3424 -
1018 3389 1110 3438 iratres
1139 3389 1269 3454 quomodo
1298 3389 1431 3439 seculares
1459 3387 1531 3438 sedu-

325 3483 356 3492 -—
376 3470 457 3520 papas
476 3461 664 3521 contempnunt
676 3463 809 3522 tamquam
821 3458 902 3522 preci·
989 3463 1050 3507 cent
1070 3460 1111 3507 44.

359 3541 424 3589 puos
442 3524 588 3574 anticristos
606 3525 665 3575 461.
956 3532 1046 3574 -orat
1058 3525 1169 3576 ecelesia
1181 3526 1295 3575 militans
1307 3533 1398 3576 eontra
1406 3526 1529 3576 unitatem

325 3593 410 3644 Iudex
427 3593 544 3643 veritatis
562 3609 614 3643 non
632 3600 739 3643 excuset
757 3594 798 3644 32.
990 3595 1047 3644 651.

325 3691 356 3698 -
375 3662 522 3712 mundanus
540 3662 655 3712 sedendo
672 3669 699 3712 et
716 3662 827 3712 diceudo
839 3663 903 3713 indi·
928 3652 930 3667 '
955 3668 1077 3712 -rantos
1095 3662 1122 3711 in
1134 3661 1256 3712 cruciata
1273 3669 1365 3714 contra
1382 3679 1461 3729 papas
1477 3677 1528 3711 em-

359 3732 428 3780 cinm
447 3731 497 3781 fert
515 3732 573 3782 350.
928 3724 930 3805 l
989 3732 1035 3780 bos
1053 3731 1109 3780 vies
1127 3730 1271 3797 dirigerent
1287 3733 1346 3782 596.

323 3799 442 3849 ludicnre
461 3815 520 3849 eum
537 3800 706 3850 simulacione
725 3801 766 3850 51.
928 3824 930 3851 ι
955 3827 986 3836 ·-
1006 3800 1033 3849 in
1051 3799 1198 3864 euangelio
1211 3799 1308 3849 debent
1325 3799 1465 3850 secundum
1477 3815 1528 3846 mo

324 3876 448 3918 —cant-es
466 3869 531 3918 alies
555 3869 636 3918 tribus
654 3869 735 3918 israel
756 3870 811 3920 123.
989 3868 1114 3918 dernmen
1123 3868 1313 3934 euangelicum
1320 3867 1526 3918 nunistrsreist.

323 3936 453 3986 iudicium
470 3937 642 3987 hereticorum
662 3939 719 3988 126.
954 3937 1051 3986 Laieus
1069 3943 1108 3986 est
1125 3936 1246 3986 sacerdos
1263 3938 1322 3987 259.

323 4033 356 4042 -
374 4005 497 4056 sensibile
515 4005 548 4055 de
565 4013 636 4056 secta
654 4006 805 4056 saracenica
822 4007 863 4056 91.
927 4028 930 4069 3
955 4006 1012 4055 -ci
1024 4004 1141 4064 credunt,
1160 4004 1271 4054 hostiam
1282 4006 1380 4056 virtute
1395 4007 1526 4055 verborum

325 4073 390 4122 -eii
409 4075 464 4124 dies
483 4091 563 4140 prope
582 4077 695 4126 11111593.
989 4073 1087 4124 domini
1105 4089 1197 4138 eonius
1215 4073 1290 4123 (li-isti
1309 4089 1366 4124 esse
1385 4075 1440 4124 383.

325 4170 356 4176 -
375 4141 431 4192 dies
450 4144 507 4193 129.
956 4158 1078 4193 -eorum
1096 4141 1161 4192 fides
1178 4141 1344 4208 impossibilis
1360 4145 1417 4192 361.

323 4216 392 4327 pegi3
392 4211 466 4259 -icii
476 4210 544 4261 diem
554 4211 691 4264 retribucio
701 4211 904 4277 proporcionalis
927 4222 930 4241 ¹
957 4211 1077 4329 —gigssde
1104 4210 1188 4260 hostia
1214 4227 1266 4260 non
1293 4217 1333 4260 est
1355 4207 1523 4260 disserendum

397 4283 417 4328 i.
990 4313 996 4328 ι
1042 4318 1048 4330 .
