3304 5134
392 490 452 548 712
814 487 837 534 J
838 485 1007 534 OHANNIS
1031 486 1171 542 WICLIF,
1427 483 1494 552 [cap.
1518 487 1580 534 I'III

388 659 467 719 inter
495 656 644 718 hereticos
672 657 889 718 insensibiliter
915 660 954 719 sit
981 657 1090 718 divisa.
1135 656 1265 719 Cessent
1292 659 1373 718 enim
1401 657 1435 718 iu
1457 659 1576 718 secunde

389 780 466 840 pace
489 769 520 820 et
534 779 596 820 non
612 759 719 820 dicunt
740 761 866 821 terciam
882 781 991 840 pacem
1013 762 1045 821 in
1067 781 1168 840 opere,
1192 761 1246 822 sed
1260 760 1353 829 bolla,
1370 757 1577 821 dissensiones²

388 873 419 924 ct
441 861 642 942 spoliaciones
667 883 837 942 pauperum
859 863 1086 938 fraudulentas,
1116 885 1155 924 ex
1182 863 1292 944 quibus
1320 873 1367 924 est
1387 864 1495 923 multis
1516 865 1576 922 reri-

237 979 328 1027 Ashsol·
340 979 376 1018 ,e
389 965 496 1036 simile,
521 965 602 1046 quod
624 975 695 1027 sunt
717 975 929 1045 procuratores
947 967 1045 1046 patuli
1060 967 1219 1029 anticristi.
1236 973 1248 1036 ΙΙ
1265 965 1383 1027 Cristus
1406 967 1489 1026 enirn
1511 986 1575 1026 ama·

387 1069 433 1129 vit
455 1069 604 1129 unitatem
620 1078 650 1129 et
672 1089 790 1148 paoem,
815 1078 847 1130 et
867 1089 923 1148 pro
945 1070 1013 1148 ipsa
1035 1071 1178 1130 sustinuit
1200 1069 1299 1130 diram
1321 1079 1462 1130 mortem.
1505 1069 1600 1128 Anti-5

389 1171 498 1232 cristus
520 1181 623 1232 autem
646 1180 785 1232 econtra
807 1181 892 1232 amat
914 1172 1094 1232 divisionem
1111 1181 1141 1232 et
1156 1173 1384 1252 separacionem
1402 1173 1435 1233 in
1450 1172 1538 1232 sectis
1555 1189 1575 1230 et

389 1294 443 1353 pro
466 1274 524 1334 hoc
546 1275 607 1333 fine
628 1284 840 1353 procuratores
863 1275 1009 1354 plurimos
1037 1274 1165 1336 subdole
1187 1276 1416 1348 machinantur;
1446 1295 1505 1335 uec
1529 1295 1576 1334 ces

388 1376 469 1438 sebit
490 1378 651 1437 innovacio
674 1377 734 1437 ista
756 1378 904 1450 zizanica,
929 1385 1094 1457 antequam
1116 1377 1192 1438 deus
1218 1399 1257 1439 ex
1280 1398 1336 1438 sua
1358 1378 1467 1456 gracia
1488 1376 1576 1456 expul-

389 1481 429 1541 sis
451 1480 517 1540 istis
540 1479 694 1540 radicibus
723 1501 778 1558 per
809 1480 954 1540 noticiam
986 1500 1040 1541 sue
1071 1479 1147 1558 legis
1178 1481 1220 1541 ad
1246 1481 1405 1560 antiquam
1437 1481 1575 1541 rederent

388 1603 476 1643 suam
498 1582 658 1644 ecclesiam
682 1583 835 1643 unionem.
1585 1590 1589 1600 ⁴

474 1684 567 1746 Unde
589 1686 713 1764 quidam
737 1686 864 1746 eliciunt
886 1706 925 1746 ex
948 1687 1036 1763 signo
1058 1685 1180 1764 triplici,
1204 1685 1286 1765 quod
1301 1695 1347 1746 est
1362 1684 1525 1765 dyabolica
1544 1685 1575 1744 di·

389 1789 465 1850 visio
487 1789 520 1848 in
542 1788 600 1849 biis
623 1789 727 1860 sectis;
758 1789 856 1867 primo
885 1809 924 1850 ex
946 1789 1019 1862 hoc,
1048 1789 1130 1868 quod
1156 1797 1262 1849 carent
1282 1789 1472 1850 fundacione
1492 1789 1522 1848 in
1540 1808 1575 1848 ra·

389 1890 526 1951 sionibus
558 1891 717 1952 sivacibus
748 1891 799 1951 vel
830 1892 990 1970 scriptura.
1036 1890 1078 1952 Et
1105 1890 1155 1951 vel
1182 1899 1301 1970 oportet
1326 1911 1442 1970 negare
1471 1892 1576 1952 deitatis

389 1992 482 2054 Cristi
504 1994 762 2072 omnipotenoiem
785 2015 821 2055 ac
838 1995 1088 2055 omniscienciem
1109 1993 1160 2054 vel
1183 1994 1296 2067 dicere,
1320 1995 1403 2074 quod
1426 2015 1519 2056 causa
1537 2015 1575 2052 ne

390 2096 539 2157 cessitatis
561 2096 727 2156 inducendi
749 2097 823 2158 istos
845 2096 967 2158 ordines
994 2097 1045 2158 vel
1071 2105 1179 2176 pateat
1200 2099 1231 2157 in
1253 2096 1444 2168 redonibus,
1468 2097 1516 2158 vel
1535 2101 1600 2174 prs-¹⁵

390 2209 454 2259 teat
476 2208 530 2260 aut
544 2199 642 2260 lateat
655 2200 687 2259 in
702 2199 845 2260 thesasuo
861 2198 988 2278 dyaboli
1002 2219 1058 2278 per
1071 2207 1201 2279 tempus,
1226 2219 1285 2278 quo
1307 2211 1492 2278 regnaverat
1504 2200 1575 2259 Iesus

390 2301 517 2362 Cristus.
556 2301 598 2362 Et
621 2301 780 2382 quodlibet
801 2303 936 2381 ipsorum
960 2313 1006 2363 est
1027 2302 1151 2362 infamis
1172 2302 1287 2362 heresis
1309 2302 1488 2363 deridenda.
1523 2301 1574 2360 b'ec

390 2413 436 2464 est
458 2405 550 2477 racio,
575 2425 669 2484 quare
692 2403 810 2466 Cristus
833 2425 888 2484 per
909 2405 993 2466 mille
1016 2425 1111 2466 annos
1139 2405 1322 2484 etamplius
1349 2405 1448 2468 claret
1469 2426 1520 2466 sue
1538 2425 1574 2463 ec-

390 2505 482 2567 clesie
504 2507 595 2568 istam
618 2527 742 2569 causam
766 2517 796 2568 et
818 2528 873 2586 pro
895 2515 1045 2587 tempore,
1074 2527 1135 2587 quo
1157 2508 1321 2569 suscitatus
1347 2509 1407 2569 fuit
1430 2508 1573 2588 dyabolus.

390 2609 580 2688 patefaceret
601 2611 676 2672 istas
698 2619 812 2682 sectas,
841 2610 1015 2688 specialiter
1041 2631 1111 2671 cum
1138 2611 1195 2671 iste
1217 2620 1300 2672 secte
1322 2611 1449 2672 deviant
1469 2615 1601 2672 tantuui'ffl

388 2711 428 2772 ab
451 2713 648 2774 ordInacione
671 2714 830 2791 stragula
852 2713 911 2773 dei.

475 2814 652 2876 Secundum
681 2815 802 2894 signum
829 2825 888 2888 est,
921 2815 1002 2896 quod
1033 2816 1090 2876 iste
1122 2825 1204 2877 secte
1234 2815 1416 2895 religionum
1442 2836 1572 2876 novarum

387 2919 484 2979 instar
505 2918 704 2996 peccancium
726 2928 798 2980 suut
820 2919 970 2979 contrarie
998 2918 1161 2998 sibiipsis.
1205 2919 1286 2979 Nam
1309 2939 1464 2997 unapars
1485 2928 1573 2997 poten·

388 3021 451 3082 cior
480 3021 663 3082 contradicit
684 3021 787 3094 alteri,
818 3031 849 3082 et
877 3041 939 3081 uua
962 3021 1114 3101 antiquior
1136 3022 1265 3100 imponit
1285 3023 1521 3101 repugnanciam
1541 3019 1573 3078 al·

388 3124 445 3183 teri
467 3124 620 3204 sequenti,
653 3124 738 3204 quia,
770 3132 805 3184 ut
826 3143 899 3184 vere
920 3123 1033 3203 iuquit,
1065 3132 1169 3202 posset
1195 3133 1276 3185 stare
1302 3125 1433 3186 ecclesia
1453 3125 1485 3185 in
1505 3125 1599 3185 staur&

386 3247 547 3306 prospero,
577 3227 602 3287 si
625 3226 740 3305 priores
763 3225 828 3288 eius
851 3235 954 3305 partes
976 3226 1101 3288 redacte
1123 3225 1238 3288 fuerint
1259 3227 1299 3288 sd
1320 3227 1472 3306 regulam,
1496 3245 1571 3306 quan

388 3327 506 3389 Cristus
528 3329 669 3389 instituit.
714 3328 789 3390 Ideo
812 3350 874 3390 non
898 3339 943 3391 est
965 3329 1057 3402 racio,
1083 3350 1177 3409 quare
1199 3339 1284 3392 secta
1311 3351 1440 3410 sequens
1459 3351 1519 3391 non
1538 3349 1571 3388 re

387 3440 506 3510 pugnat
526 3441 684 3511 tamquam
708 3433 861 3494 contraria
877 3431 1005 3493 ecclesie
1024 3431 1178 3505 militanti,
1201 3440 1233 3493 et
1255 3434 1298 3494 sic
1320 3433 1405 3512 prior
1425 3443 1505 3494 secta
1524 3431 1570 3491 sert

386 3534 524 3608 moleste,
548 3534 629 3614 quod
652 3542 737 3595 secta
761 3554 949 3614 consequens
971 3535 1064 3595 sitin
1087 3535 1249 3596 ecclesiam
1270 3535 1452 3598 introducta.

473 3637 540 3698 Nec
563 3645 611 3698 est
631 3635 723 3697 Iacile
745 3636 864 3698 solvere
886 3637 961 3698 istas
984 3638 1159 3699 evidencias
1181 3637 1285 3698 debite
1303 3649 1490 3718 prosecutas,
1512 3646 1597 3698 mul·

386 3759 481 3818 opera
503 3739 553 3800 dei
575 3747 648 3800 sunt
668 3739 711 3800 sio
739 3739 889 3818 perfecta,
919 3739 1001 3820 quod
1023 3761 1085 3801 non
1112 3751 1159 3801 est
1181 3741 1304 3822 aliquod
1326 3741 1511 3802 individuum
1531 3739 1569 3798 vel

387 3861 459 3921 pars
482 3863 596 3915 eorum,
622 3842 696 3922 quin
717 3841 772 3903 fiat
794 3863 833 3903 ex
856 3843 974 3921 patenti
997 3863 1092 3904 causa
1114 3852 1145 3904 et
1166 3845 1336 3905 certissima
1357 3846 1483 3906 racione.

474 3945 617 4006 Tercium
640 3955 743 4006 autem
766 3946 887 4024 signum
909 3945 1127 4024 superfluitatis
1149 3945 1276 4007 istarum
1300 3956 1450 4008 sectarum
1470 3957 1500 4006 et
1518 3945 1568 4004 aits

385 4046 551 4128 culpabilis
573 4048 667 4109 statui
689 4049 720 4108 in
742 4048 811 4121 isto,
835 4047 916 4128 quod
939 4068 1044 4110 omnes
1066 4047 1120 4109 ille
1135 4049 1294 4110 dimittunt
1314 4051 1449 4130 regulam
1470 4045 1567 4108 domini

457 4245 468 4277 ¹
486 4250 663 4302 discensiones
673 4251 732 4301 MS.
