3304 5134
355 543 417 600 700
776 536 968 585 JoHANMs
991 535 1130 592 afrum,
1432 530 1509 601 [cap
1529 535 1563 583 ΙΙ

442 703 586 772 Secunda
608 731 678 790 pars
701 712 782 773 scola
813 709 938 790 dyaboli
963 709 1131 770 introducit
1155 709 1268 769 multas
1289 709 1373 786 leges
1395 707 1559 768 abscondi·

356 825 412 888 tas,
437 815 498 894 legi
521 815 637 875 domini
660 825 873 895 repugnantes,
898 813 1066 874 cuiusmodi
1082 823 1153 873 sunt
1173 811 1383 891 nigromaucia
1405 820 1437 871 et
1461 811 1557 890 philo
1612 805 1613 848 t

1612 903 1613 928 l

355 918 487 990 mancia,
511 938 586 998 quas
608 918 720 979 dicitur
741 918 832 979 hodie
854 938 919 978 θεεθ
942 937 960 977 θ
981 915 1126 978 fratribus
1147 916 1345 977 introductas.

441 1037 484 1098 Et
506 1038 617 1098 dicitur
639 1039 848 1116 nigromantia
870 1057 888 1098 a
910 1039 1026 1115 nigros,
1051 1038 1130 1117 quod
1154 1045 1199 1097 θεῖ
1220 1047 1387 1109 mortuum,
1418 1045 1452 1098 et
1475 1058 1556 1097 man·
1612 1015 1613 1072 l

356 1143 417 1214 cia,
442 1142 522 1222 quod
545 1151 592 1202 est
618 1143 762 1214 sciencia,
796 1142 867 1220 quia
889 1141 1021 1202 sciencia
1052 1140 1091 1200 de
1118 1141 1245 1201 mortuis
1268 1141 1425 1212 suscitata,
1457 1141 1585 1203 modat

356 1267 415 1325 quo
438 1245 550 1305 dicitur
572 1245 679 1320 IReg.
698 1248 758 1304 28²
781 1245 935 1325 quandam
958 1244 1157 1322 phitonissam
1181 1243 1268 1304 Sauli
1286 1244 1451 1304 suscitasse
1476 1246 1556 1322 spiri-

355 1359 419 1409 tum
444 1348 604 1409 Samuelis.
650 1348 715 1408 Nec
739 1347 879 1420 dubium,
902 1357 936 1408 ut
958 1348 1048 1408 docet
1069 1346 1275 1425 Augustinus,
1304 1347 1376 1426 quin
1405 1346 1555 1426 dyabolus

355 1452 404 1512 hic
427 1451 592 1530 respondit.
626 1449 668 1511 Et
689 1451 754 1529 ipse
776 1460 822 1511 est
844 1451 960 1529 primus
982 1461 1118 1510 martarus
1138 1450 1270 1529 spiritus.
1308 1449 1351 1510 Et
1373 1449 1445 1510 ideo
1470 1451 1554 1510 istam

356 1565 452 1616 artem
474 1555 729 1632 nigromanticum
751 1554 918 1615 secundum
941 1554 1094 1634 quandam
1123 1552 1341 1615 excellenciam
1364 1553 1483 1614 dicitur
1504 1553 1555 1613 sibi

354 1658 527 1719 vendicare.
1564 1666 1583 1705 ¹¹¹

441 1777 564 1838 Dicitur
585 1787 688 1838 autem
710 1778 918 1856 philomancia
933 1798 952 1837 a
967 1776 1075 1857 philos,
1100 1776 1180 1855 quod
1196 1784 1350 1848 ostensor,
1375 1785 1408 1837 et
1426 1778 1553 1846 mancia,
1612 1791 1613 1858 l

356 1882 441 1961 quasi
464 1881 596 1941 sciencia
619 1901 752 1941 amorem
775 1882 911 1941 mulieris
927 1880 974 1940 val
990 1881 1047 1941 viri
1063 1879 1169 1939 illicite
1184 1879 1371 1959 acquirendi.
1411 1879 1456 1940 Et.
1471 1882 1553 1940 istam

356 1984 518 2044 scienciam
543 1983 655 2043 dicitur
676 1983 786 2044 fratres
809 1983 1018 2061 multipliciter
1041 1983 1217 2060 practizare.

441 2105 506 2164 Nec
530 2103 666 2177 dubium,
690 2105 763 2184 quin
786 2103 921 2184 quelibet
942 2103 1012 2163 talis
1035 2123 1083 2162 ars
1110 2101 1273 2182 dyabolica
1296 2103 1441 2163 diminuit
1465 2105 1553 2164 tiam

356 2206 439 2266 ribus
462 2207 605 2267 noticiam
629 2208 732 2268 divine
754 2208 894 2280 sciencie,
919 2216 950 2267 et
971 2206 1013 2266 sic
1037 2215 1137 2284 potest
1158 2205 1218 2266 dici
1241 2207 1374 2266 sciencia
1397 2209 1551 2268 anticristi.
1562 2223 1582 2264 u

356 2309 398 2369 Εῖ
420 2311 499 2369 sicut
521 2309 672 2388 dyabolus
703 2319 749 2370 est
770 2309 866 2371 falsus
889 2310 976 2370 iuxta
1007 2309 1089 2370 diota
1112 2309 1141 2368 in
1165 2309 1328 2388 principio,
1362 2311 1405 2370 sic
1435 2333 1552 2372 neccsse

356 2421 410 2486 est,
434 2413 522 2472 istam
546 2411 738 2491 dyabolicam
762 2414 924 2474 scienciam
948 2433 1012 2473 esse
1034 2412 1153 2472 falsam.
1198 2412 1305 2472 Potest
1322 2421 1427 2473 autom
1444 2414 1550 2493 dyabo

356 2515 403 2576 lus
425 2515 518 2575 semel
542 2515 590 2576 vel
614 2516 801 2596 aliquociens
823 2515 924 2576 dicere
946 2515 1009 2576 suis
1032 2515 1187 2594 discipulis
1211 2515 1382 2588 veritatem,
1414 2526 1449 2576 ut
1472 2516 1551 2576 sedu-
1612 2571 1613 2598 ,

356 2628 408 2679 cat
429 2641 480 2680 eos
502 2619 653 2698 copiosius
675 2619 867 2698 postmodum
891 2619 959 2698 plus
982 2619 1099 2679 nocive.

442 2737 486 2798 Et
517 2739 711 2799 extendendo
740 2760 851 2800 nomen
884 2739 1091 2814 nigromancie
1123 2749 1224 2818 potest
1250 2738 1387 2819 quelibet
1409 2759 1461 2802 ars
1482 2740 1581 2800 salsae

357 2840 407 2901 vel
437 2862 498 2900 uon
530 2840 661 2901 fundata
691 2842 723 2902 in
763 2842 832 2920 lege
872 2842 986 2902 domini
1026 2862 1075 2902 ars
1113 2842 1339 2920 nigromanticis
1374 2843 1456 2906 bene
1491 2845 1550 2904 diri.

358 2942 401 3003 Et
422 2943 465 3004 sic
488 2943 798 3023 pseudopredicantes
829 2944 879 3006 vel
902 2945 1105 3023 practizantes
1136 2945 1168 3005 in
1198 2944 1267 3024 laga
1293 2947 1398 3026 papali
1426 2947 1477 3008 vel
1499 2946 1552 3006 alia

359 3045 428 3122 lega
450 3045 621 3120 hominum,
653 3047 685 3108 in
711 3047 781 3126 loga
803 3048 918 3108 domini
940 3067 1000 3108 non
1024 3045 1167 3120 fundata,
1196 3058 1326 3126 possunt
1346 3049 1552 3126 nigromantici

359 3168 430 3208 vere
454 3148 524 3220 dici,
548 3149 620 3228 quia
642 3170 747 3212 omnes
769 3151 814 3210 illi
834 3151 957 3212 discunt
978 3157 1009 3211 et
1030 3150 1202 3230 practizant
1222 3149 1322 3228 legem
1345 3160 1499 3213 mortuam
1519 3171 1550 3210 ex
1612 3139 1613 3168 ¹

359 3250 505 3311 instinctu
528 3251 661 3331 dyaboli.
707 3253 751 3314 Et
772 3263 870 3332 patet,
903 3253 1054 3334 quomodo
1081 3253 1169 3314 multi
1193 3254 1409 3332 nigromantici
1432 3263 1465 3316 et
1485 3252 1578 3314 anti-st

361 3353 441 3414 cristi
466 3352 607 3433 discipuli
629 3357 753 3418 suntin
775 3357 899 3417 mundo.

188 3487 348 3539 truttam
447 3473 509 3534 Sed
531 3473 619 3547 absit,
643 3475 810 3556 dyabolum
841 3485 871 3536 θῖ
901 3474 1040 3537 membra
1061 3495 1116 3536 sua
1138 3476 1179 3536 ad
1194 3483 1206 3546 11
1223 3485 1343 3537 tanturn
1366 3486 1474 3538 contra
1495 3474 1548 3535 Cri·

360 3584 454 3650 stum,
487 3577 538 3656 qui
561 3585 606 3638 est
628 3599 718 3640 verus
741 3579 894 3651 dominus,
924 3578 1097 3658 prevalere,
1130 3579 1211 3660 quod
1233 3579 1330 3642 faciat
1352 3580 1489 3641 comburi
1509 3598 1547 3638 co

361 3679 444 3740 dices
467 3680 505 3740 de
527 3679 596 3758 lega
618 3680 733 3741 domini
756 3691 786 3742 et
801 3682 856 3743 hae
872 3691 953 3743 artes
968 3681 1093 3761 dyaboli
1109 3682 1292 3762 prepollere!
1322 3682 1454 3762 Lingua
1468 3682 1545 3752 eninr,

361 3783 425 3843 sive
447 3781 570 3856 hebrea,
594 3783 658 3844 sive
680 3804 781 3862 greca,
805 3785 869 3846 sive
890 3784 996 3858 latina,
1021 3785 1084 3846 sive
1104 3785 1236 3864 anglica,
1260 3795 1306 3846 ast
1328 3786 1416 3866 quasi
1437 3785 1574 3846 habiturn·

360 3884 437 3963 legis
460 3884 583 3945 domini.
628 3884 671 3946 Et
701 3907 755 3966 per
786 3907 997 3967 quemcunque
1027 3889 1121 3948 talem
1148 3887 1287 3948 habiturn
1315 3888 1380 3949 cius
1404 3886 1546 3949 sentencia

362 3988 459 4066 magis
482 4007 553 4047 vere
576 3989 769 4066 cognoscitur
791 4012 810 4050 a
831 3990 927 4064 fideli,
956 3992 1021 4070 ipse
1048 3999 1094 4052 est
1121 3991 1218 4060 codex
1241 3991 1311 4070 plus
1332 3988 1546 4051 racionabiliter

362 4090 578 4168 acceptandus.
623 4090 752 4169 Lingwa
783 4093 864 4152 enirn
895 4102 958 4154 tarn
988 4095 1021 4155 in
1047 4095 1098 4156 via
1124 4115 1214 4174 quarn
1242 4095 1342 4173 patria
1363 4114 1383 4154 a
1405 4089 1544 4154 sentencia

580 4317 656 4366 cnr.
676 4317 717 4365 11.
752 4317 825 4380 “cp
846 4315 948 4364 1sam.
968 4319 1008 4371 aa,
1029 4318 1059 4364 ra
1071 4313 1101 4382 ff.
