3312 5128
549 559 727 609 GENEBAL
745 561 882 610 INDEX.
1259 570 1320 626 793

106 724 185 789 Papa
202 725 309 776 incurrit
326 726 462 793 multiplex
474 726 641 780 homicidium
658 731 692 781 ci·
744 731 818 796 Papa
835 747 887 781 non
906 737 945 782 est
962 731 1095 782 sufficiens
1118 732 1152 783 ad
1170 734 1320 800 eligendum

148 800 261 843 tatarum
280 796 338 845 552.
778 800 827 850 sibi
844 799 990 850 cardinales
1008 802 1066 851 674.

108 887 145 898 -·
163 863 261 912 ιιιιιιι
272 862 391 914 homines
402 864 436 915 ad
448 867 620 932 pugnandum
633 870 691 919 608.
745 895 776 904 -
794 868 880 918 labilis
897 869 925 918 in
942 876 1078 935 peccatum
1097 871 1155 920 677.
1250 873 1253 878 “

111 957 146 966 -
164 931 246 981 nichil
264 931 310 982 dat
327 935 386 984 691.
474 967 480 974 -
745 963 775 972 -
789 936 869 988 habet
884 937 1051 988 affeccionam
1064 938 1214 989 inclinatam
1224 939 1321 989 mundo

108 1025 145 1034 -
163 999 229 1050 deus
247 1001 343 1052 mixtirs
360 1001 404 1052 rel
421 1002 486 1052 deus
506 1004 534 1052 in
546 1005 620 1054 terris
633 1007 690 1056 891.
779 1007 837 1055 687.

107 1092 144 1103 -
162 1069 227 1118 citat
244 1069 278 1119 ad
295 1071 426 1120 infernum
445 1073 503 1122 689.
745 1101 776 1110 -
794 1089 846 1123 non
864 1073 988 1124 fundmus
1000 1077 1026 1125 in
1038 1075 1144 1126 racione
1156 1082 1183 1126 et
1194 1077 1321 1142 scriptura

107 1164 142 1171 —
162 1137 298 1202 signanter
315 1139 409 1190 dicitur
426 1147 523 1190 tectum
542 1143 599 1192 395.
778 1144 837 1192 678.

107 1231 143 1240 -
163 1205 267 1256 videtur
284 1207 396 1258 candere
414 1207 552 1260 luciferina
569 1211 691 1276 superbia
715 1204 775 1366 1-
793 1210 899 1276 patulus
916 1213 1064 1262 anticristus
1082 1213 1139 1264 687.

145 1281 172 1324 et
189 1275 333 1340 cupiditate
350 1277 500 1355 symoniaca
518 1280 576 1330 690.
745 1307 772 1316 -
794 1279 834 1328 vir
850 1280 1008 1345 temptabilis
1027 1281 1084 1330 677.

106 1367 143 1378 -·
161 1349 248 1423 pater.
254 1345 431 1396 sanctissimus
449 1347 507 1397 691.
743 1375 774 1384 -
785 1347 865 1398 vellet
877 1349 1020 1398 extundere
1032 1349 1320 1400 iurisdiccionemsuam

105 1437 142 1446 —
161 1417 189 1461 et
206 1413 321 1479 episcopi
339 1413 436 1464 debent
452 1430 571 1482 pugnare
589 1417 615 1466 in
627 1423 690 1467 tem·
777 1431 823 1481 per
838 1422 919 1466 totam
931 1417 1099 1468 habitabilem
1112 1425 1139 1469 et
1150 1433 1320 1485 pervacuum

145 1495 209 1544 pore
227 1481 293 1562 legis
312 1482 399 1548 gracie
417 1485 475 1535 626.
776 1485 904 1534 inlinitum
923 1487 981 1535 668.

108 1551 336 1601 -communiter
352 1557 392 1601 ιιι
409 1553 536 1617 prescitos
554 1553 612 1604 257.
742 1581 774 1588 -
793 1553 869 1604 Criati
885 1553 939 1604 ιιιι
962 1554 1099 1604 manifeste
1121 1555 1264 1605 contrarius
1282 1563 1322 1606 est

104 1647 140 1655 —
161 1617 236 1668 radix
255 1625 282 1670 et
299 1620 354 1670 vita
371 1620 480 1670 ecclesie
499 1623 557 1672 558.
617 1661 618 1664 ¹
776 1623 834 1672 679.

105 1711 140 1722 -
161 1701 215 1736 non
233 1693 273 1738 est
289 1703 368 1738 verus
385 1689 506 1739 sacerdos
523 1691 581 1743 259.
743 1718 774 1726 —
793 1706 847 1740 non
864 1697 944 1755 capnt
961 1690 1071 1741 ecclesie
1089 1691 1130 1741 64.

104 1781 140 1790 -
161 1770 272 1820 peccare
289 1773 343 1807 non
359 1757 454 1822 poterit
472 1761 529 1809 691.
742 1787 773 1794 -
793 1757 863 1808 solus
880 1765 965 1825 potest
982 1759 1102 1809 ordinare
1114 1759 1320 1826 archiepiscopos

104 1849 140 1859 -
162 1829 202 1872 eat
219 1830 344 1890 patronus
362 1825 425 1876 clari
442 1828 540 1878 cesarei
559 1829 616 1879 173.
777 1828 836 1878 259.

103 1919 139 1928 -
161 1892 254 1959 refuga
283 1895 408 1945 mentitur
433 1909 467 1945 ex
493 1898 690 1962 presumpcione
742 1901 919 1962 -patronos
940 1895 1077 1946 canoniaat
1098 1896 1142 1946 ιιι
1163 1895 1320 1946 determinat

142 1962 835 2015 constanciacum.

105 2057 135 2065 -
160 2030 351 2082 mendacium'
344 2049 372 2082 ιιι
389 2034 518 2084 abstracto
536 2042 576 2084 est
596 2037 654 2086 649.
742 2061 773 2069 -
793 2032 852 2082 filiis
873 2033 926 2084 suis
948 2033 1057 2100 precipit
1082 2032 1175 2084 fratres
1201 2032 1319 2083 occidere

104 2125 138 2134 —
162 2113 216 2148 non
235 2105 274 2150 est
292 2099 368 2150 Gristi
386 2102 498 2152 vicarius
517 2104 574 2153 649.
778 2103 834 2152 186.

103 2193 137 2202 -
153 2181 292 2232 perversus
302 2170 448 2220 anticristus
458 2177 485 2220 et
494 2171 621 2234 dyabolus
630 2174 688 2223 649
743 2198 774 2205 —
793 2171 901 2221 abstulit
917 2170 1084 2221 medietatem
1101 2171 1203 2220 romani
1219 2170 1321 2236 imperii

103 2263 138 2272 -
162 2235 213 2286 deo
231 2244 258 2288 et
276 2238 385 2288 ecclesie
403 2240 528 2289 mentitur
545 2242 603 2291 651
778 2240 836 2289 686.

103 2333 136 2340 -
162 2305 287 2355 mentitur
304 2306 485 2373 indulgenciam
502 2308 589 2359 dando
607 2311 665 2360 340
743 2334 773 2343 -
792 2307 921 2373 quomodo
939 2307 1040 2358 admitti
1057 2313 1143 2374 potest
1160 2308 1218 2358 260.

106 2379 239 2438 -pater
255 2375 385 2425 mendacii
404 2377 462 2427 849.
742 2403 773 2412 -
793 2393 875 2426 unum
886 2377 996 2442 precipit
1007 2383 1035 2426 ιι
1046 2375 1203 2426 contrarium
1213 2375 1320 2426 mandat

103 2469 138 2478 —-
161 2443 273 2492 seminat
290 2443 451 2494 mendacia
444 2461 471 2494 ιιι
483 2446 570 2496 verbis
588 2447 690 2513 scriptis
777 2445 834 2496 185.

142 2516 172 2560 et
189 2511 246 2561 vita
263 2513 321 2562 680.
743 2541 773 2548 -
793 2519 882 2563 monet
907 2527 1009 2563 cesares
1035 2512 1069 2562 ad
1096 2512 1244 2564 ducendum
1270 2513 1318 2562 sibi

102 2607 138 2616 -
170 2579 198 2628 in
225 2580 338 2630 moribus
368 2583 481 2632 maxime
510 2583 648 2652 elongatus
674 2600 690 2635 a
776 2582 878 2632 lreuum
896 2583 954 2632 690.

142 2647 228 2698 Crista
247 2649 304 2699 680.
742 2650 865 2700 —ducit
886 2655 913 2699 ιι
934 2649 1056 2700 conducit
1077 2649 1172 2699 milites
1195 2649 1319 2700 debonis

102 2745 139 2752 -
156 2716 309 2767 seculariter
321 2718 455 2768 extollitur
466 2735 544 2785 supra
556 2721 691 2786 quodlibet
778 2733 921 2798 pauperum
940 2719 1263 2772 687..

10 2759 46 2872 χ
142 2799 255 2851 reguum
274 2786 363 2836 mundi
382 2788 439 2837 684.
742 2813 774 2822 -
792 2787 940 2836 anticristus
958 2801 1014 2836 esse
1032 2791 1118 2852 potest
1135 2787 1194 2836 547.

103 2881 139 2890 --
162 2853 302 2920 precipuus
318 2855 437 2906 immicus
456 2855 532 2906 cristi
550 2859 608 2908 680.
742 2883 774 2890 -
793 2870 809 2905 ιι
827 2855 909 2905 Oristo
927 2871 979 2904 nou
996 2854 1076 2904 habet
1092 2853 1190 2904 citandi
1208 2860 1319 2920 potesta·

103 2951 138 2960 -
161 2921 256 2972 dicitur
273 2923 384 2974 condere
403 2924 498 2975 multas
515 2925 588 2992 leges
606 2927 664 2978 662.
776 2931 829 2974 tem
847 2925 905 2974 551.

103 3021 136 3029 -
161 2990 717 3071 nonaudeterigerecaputpropriumdilw
742 3019 773 3028 -
793 2991 900 3042 mandat
916 2991 1017 3058 angelis
1036 2993 1098 3054 556,
1117 2992 1176 3042 688.

102 3089 140 3098 -
161 3059 258 3110 multas
275 3061 376 3110 animas
392 3061 502 3127 perdere
520 3062 614 3113 dicitur
631 3065 689 3114 686.
715 3060 762 3171 1-
763 3009 970 3126 -perturbutorg
973 3060 1044 3126 pacis
1062 3059 1173 3110 ecclesie
1191 3061 1249 3111 566.

106 3161 119 3166 -
162 3129 258 3178 cesaris
275 3129 425 3196 ymaginem
444 3147 496 3180 non
509 3132 689 3183 ostendit46'l
742 3157 773 3164 —
793 3129 946 3179 decrescit'
940 3145 967 3178 m
989 3129 1111 3194 operibus
1133 3129 1205 3179 Petri
1229 3129 1318 3179 vicarii

103 3197 280 3258 —desti-uit,
293 3198 442 3262 quodalius
457 3199 620 3250 confirmavit
632 3202 690 3252 249
714 3204 774 3370 1
779 3199 835 3247 127

105 3296 138 3304 -
162 3265 290 3330 superbus
310 3268 366 3317 127.
742 3265 944 3346 -spoliativus
962 3279 1106 3331 pauperum
1126 3267 1183 3317 127.

103 3363 140 3373 -
162 3334 304 3385 introducit
321 3344 459 3386 extraneas
476 3342 561 3386 sectas
579 3337 637 3388 602.
744 3335 989 3384 —iniuriamsuam
999 3333 1114 3384 vindicat
1125 3335 1319 3386 ineffundendo
1392 3339 1396 3348 '

103 3404 189 3452 —in
207 3403 293 3452 verbis
311 3405 507 3470 supraPetrum
525 3407 617 3456 crescit
632 3407 689 3456 127.
714 3361 773 3508 1
775 3418 822 3452 san
824 3403 937 3470 guinem
955 3404 1016 3453 608.

105 3471 254 3522 -ovibus
272 3470 348 3522 Cristi
366 3488 490 3524 onerosus
508 3475 565 3524 127.
792 3472 869 3522 fidem
887 3472 1090 3523 subvertisset.

104 3570 135 3578 -
160 3539 235 3590 radix
257 3545 284 3590 ιι
305 3549 384 3607 caput
409 3542 519 3592 ecclesie
545 3542 690 3610 malignan—
714 3532 716 3575 l
742 3569 773 3577 -
795 3540 1073 3607 pseudosacerdotibus
1102 3540 1189 3590 renuit
1215 3539 1318 3606 pacien-

142 3609 214 3658 cium
232 3609 291 3658 559.
774 3611 841 3659 ciam
860 3616 886 3660 et
903 3610 1038 3660 caritatem
1055 3610 1113 3659 607.

104 3705 139 3716 -
160 3677 243 3728 herba
261 3676 356 3726 nociva
373 3677 483 3728 eraclesis
501 3679 577 3729 Gristi
595 3683 654 3731 559.
741 3705 772 3714 —
791 3685 901 3744 uterquc
919 3677 1025 3744 patulus
1042 3677 1190 3726 anticristus
1208 3679 1266 3728 595.

104 3774 139 3783 -
161 3746 258 3795 furtive
275 3745 379 3812 lugiens
398 3748 455 3797 551.
741 3775 773 3783 -
792 3754 897 3813 propter
912 3747 1012 3797 lucrum
1030 3745 1165 3812 perturbat
1182 3745 1318 3795 ecclesiam

104 3843 139 3852 -
160 3819 241 3880 caput
258 3813 367 3864 ecclesia
385 3829 442 3864 esse
460 3831 513 3865 non
530 3821 616 3882 potest
628 3817 687 3868 559
714 3797 716 3853 l
775 3817 833 3866 59⁸1.

106 3911 139 3920 -
161 3889 284 3949 apostata
300 3897 316 3932 a
334 3882 410 3932 Gristi
426 3883 525 3950 regulis
543 3885 602 3935 608.
743 3884 910 3950 -sequitur
925 3897 1015 3950 regam
1033 3882 1198 3932 lucilerinum
1216 3883 1274 3932 608.

106 3966 261 4017 —egenos
278 3952 373 4018 spoliat
389 3967 436 4016 per
453 3951 590 4002 mendacia
607 3955 666 4004 557.
743 3981 774 3990 -
792 3953 932 4018 proditorie
950 3951 1079 4001 cousentlt
1096 3950 1207 4029 dyabolo
1225 3951 1283 4001 602.

106 4049 141 4059 -
161 4020 301 4086 precipuus
319 4019 467 4070 andariscus
485 4022 543 4070 671.
743 4049 774 4057 -
792 4021 898 4071 namin
915 4019 1319 4086 personapropnaservatmau-

106 4119 140 4128 -
161 4087 271 4154 impedit
287 4087 406 4138 volentes
423 4089 613 4156 euangeliasre
632 4044 716 4141 dibi
776 4089 838 4140 data
856 4089 932 4139 Oristi
950 4089 1008 4138 601.

106 4162 293 4223 -quatenus
311 4157 459 4206 anticristus
477 4158 535 4207 680.
743 4187 774 4194 -
792 4157 911 4224 ypocrita
927 4157 1062 4222 perturbat
1079 4155 1215 4206 ecclesiam
1235 4157 1292 4206 596.

105 4256 140 4266 -
156 4231 237 4292 caput
247 4240 325 4290 supra
337 4240 441 4275 omnem
452 4225 622 4276 habitabilem
632 4227 689 4276 670
714 4168 828 4281 i-yp
742 4233 879 4291 —posset
897 4225 1008 4276 faciliter
1024 4225 1073 4274 sibi
1090 4224 1225 4289 acquirere
1238 4239 1319 4291 regua
1352 4285 1355 4290 Ι

107 4325 140 4334 -
161 4294 296 4360 precipere
313 4293 523 4360 capitaliternon
536 4294 615 4344 debet
632 4297 689 4346 669.
714 4294 717 4340 Ι
776 4295 866 4344 mundi
883 4297 941 4346 576.
