3312 5128
375 567 437 624 778
813 557 992 608 GENERAL
1011 557 1140 608 INDEX.

376 731 440 796 Legi
458 731 501 780 dei
518 739 647 780 sectarum
666 730 757 796 regule
775 729 863 780 addite
883 731 940 779 183.
977 750 979 761 ·
1004 730 1164 779 Libertatem
1183 730 1349 779 1511515284.

374 828 405 835 -
420 800 462 848 dei
475 801 628 864 equivalens
638 805 707 849 secte
717 799 765 847 sibi
774 798 953 863 superaddunt
1004 825 1036 834 -
1054 798 1099 864 qni
1116 798 1217 864 appetit
1234 804 1261 847 et
1281 799 1506 848 exoneracionem
1527 801 1573 852 leci

412 870 468 920 181.
977 820 979 909 i
1038 866 1143 928 domini,
1161 866 1262 932 appetit
1276 866 1417 931 puritatem
1430 867 1502 934 legis
1516 869 1571 918 Cri:

376 963 406 972 -
427 937 468 986 dei
486 936 615 986 contrarie
637 942 766 985 sectarum
784 935 874 1001 regule
892 941 954 985 suut
1039 937 1097 987 144.

411 1007 467 1054 163.
1004 1011 1094 1054 contra
1111 1029 1143 1040 ···
1157 1003 1345 1069 euangelicam
1357 1004 1455 1054 Petrus
1468 1019 1571 1071 petuam

376 1089 468 1139 -gem
475 1073 551 1122 Cristi
559 1071 744 1121 inmaculatam
754 1072 884 1122 dimittere
893 1072 952 1122 298.
1039 1074 1097 1123 670.

375 1170 406 1177 -
426 1142 469 1191 dei
487 1141 668 1206 derelinquere
686 1142 745 1191 299,
1004 1141 1151 1191 Libidinem
1164 1147 1286 1206 spumant
1297 1147 1376 1201 secte,
1385 1140 1496 1190 edificia
1506 1158 1572 1204 suns

377 1238 406 1244 —
421 1210 497 1260 Gristi
508 1224 554 1274 per
571 1209 727 1274 multiplices
738 1209 894 1259 tradiciones
906 1225 953 1274 pro
1037 1216 1113 1260 tuose
1122 1215 1149 1258 et
1157 1209 1210 1258 alia
1219 1209 1314 1275 reguis,
1323 1223 1376 1275 qne
1385 1209 1519 1270 incolunt,
1532 1225 1572 1257 cr:

409 1279 548 1344 religiones
566 1279 623 1328 525.
1038 1278 1131 1327 nociva
1152 1279 1210 1328 312.

376 1373 406 1382 -
426 1347 468 1396 dei
487 1354 513 1396 et
530 1347 712 1412 operacionem
728 1347 858 1396 dimittere
877 1347 935 1395 345.
1004 1347 1141 1396 Librarum
1167 1347 1202 1396 40
1223 1346 1295 1394 milia
1321 1346 1415 1396 iratres
1437 1347 1475 1396 de
1495 1349 1573 1412 Anglii

378 1444 407 1450 —
428 1415 503 1466 Cristi
521 1415 625 1466 fidelem
643 1431 707 1480 pure
724 1415 859 1464 intendere
872 1429 952 1481 grave
1038 1415 1173 1464 annuatim
1192 1415 1346 1480 expendunt
1361 1416 1403 1464 28.

409 1491 448 1534 est
463 1487 522 1534 263.
1004 1483 1076 1533 Libri
1094 1483 1247 1549 euangelici
1264 1483 1392 1533 combusti
1410 1485 1473 1534 711.

377 1580 408 1588 -
428 1553 471 1602 dei
489 1553 581 1602 fratres
598 1568 651 1601 uon
669 1553 809 1602 observant
827 1553 884 1602 332.
1006 1580 1037 1589 -
1056 1552 1238 1619 nigromantici
1254 1567 1302 1618 per
1319 1558 1459 1618 magnates
1480 1553 1574 1602 eccleis

378 1649 405 1657 -
431 1629 457 1671 et
483 1621 597 1671 officium
620 1621 717 1670 Oristus
743 1621 796 1670 suis
822 1619 954 1686 discipulis
1039 1621 1140 1670 defensi
1159 1622 1216 1670 711.

412 1690 518 1740 tradidit
535 1693 593 1740 670.
1005 1689 1128 1739 Licencia
1145 1689 1221 1738 Cristi
1238 1705 1291 1738 non
1308 1689 1372 1739 data
1388 1690 1470 1739 sectis·
1492 1692 1543 1740 136.

381 1787 408 1794 -
429 1759 503 1808 Cristi
522 1775 586 1823 pure
605 1765 632 1808 et
647 1758 748 1823 integre
761 1773 865 1807 servare
879 1759 935 1807 138.
1006 1785 1039 1795 -
1056 1758 1176 1822 specialis
1192 1758 1305 1824 supremi
1323 1757 1422 1807 domini
1440 1759 1505 1809 249.

378 1857 407 1862 --
426 1827 487 1876 lidei
505 1827 589 1876 clerus
606 1827 743 1892 impugnat
761 1829 819 1877 245.
1006 1854 1037 1862 -
1056 1826 1090 1876 ad
1107 1826 1262 1876 variandum
1280 1827 1307 1875 in
1325 1827 1418 1876 ritibus
1435 1829 1500 1876 492.

376 1924 407 1931 —-
427 1896 589 1945 universitati
608 1895 705 1944 Cristus
723 1896 814 1945 statuit
832 1898 872 1946 96.
978 1924 980 1937 ι
1007 1901 1172 1944 —sectarum
1179 1894 1361 1944 filiosecclesie
1368 1896 1574 1962 expugnandos.

377 1981 442 2030 -ge
462 1964 538 2014 Cristi
559 1971 671 2013 executa
693 1965 803 2014 ecclesia
821 1979 953 2029 prospera·
978 1950 980 2011 l
1008 1992 1038 1999 --
1058 1963 1192 2030 pugnandi
1210 1964 1237 2012 in
1255 1963 1384 2029 episcopis
1401 1965 1444 2014 69.

410 2041 481 2082 retur
498 2034 556 2082 263.
1008 2059 1039 2068 -
1057 2031 1166 2092 citandi,
1184 2046 1201 2080 a
1218 2048 1270 2098 quo
1289 2033 1347 2082 550.

378 2129 408 2136 -
429 2101 504 2150 Cristi
522 2107 592 2150 secte
610 2117 663 2149 non
680 2107 742 2150 suut
758 2101 877 2151 institute
895 2101 953 2152 229.
1006 2129 1038 2138 -
1057 2101 1157 2150 bullata
1174 2100 1208 2150 ad
1226 2099 1396 2150 occidendum
1415 2101 1513 2152 fratres
1529 2101 1575 2149 aa.

376 2185 391 2218 a
410 2197 442 2205 —
461 2169 503 2218 dei
522 2169 647 2218 deliciunt
664 2177 734 2218 secte
755 2172 811 2219 181.
1006 2197 1039 2206 -
1057 2169 1099 2219 dei
1117 2177 1250 2234 tamquam
1269 2169 1311 2218 len
1331 2170 1388 2220 137.

376 2239 438 2286 iu-
446 2238 542 2286 donnini
552 2237 674 2286 fundanio
684 2238 886 2288 mendicaciouis
896 2240 953 2287 195.
1007 2253 1083 2288 -am
1094 2237 1245 2303 predicandi
1257 2237 1368 2304 apostoli
1375 2254 1430 2287 non
1439 2239 1574 2288 babuerunt

377 2321 457 2372 —ges
467 2306 568 2355 etbulle
578 2305 685 2371 papales
691 2307 954 2358 suntreuuendabilb.
1040 2323 1056 2356 s
1074 2307 1151 2356 Petro
1170 2307 1228 2356 405.

378 2403 408 2409 —-
428 2374 536 2440 papales
553 2375 677 2440 detegere
696 2377 754 2425 623.
980 2379 981 2399 ¹
1008 2374 1320 2440 —prodicandisacerdos
1328 2380 1355 2424 et
1363 2375 1503 2438 dyaconem
1511 2377 1574 2424 bats-t

377 2471 408 2479 ——
427 2445 528 2508 private
546 2442 700 2510 diligencius
718 2459 797 2508 quam
815 2443 956 2509 decalogus
980 2422 982 2493 i
1044 2446 1102 2494 405.

411 2513 548 2561 observate
566 2513 624 2562 476.
1006 2512 1171 2562 Licenciacio
1189 2512 1314 2562 anticristi
1334 2513 1392 2563 140.

377 2609 408 2616 -
427 2597 473 2646 pro
492 2581 661 2630 citaciouibus
682 2582 741 2630 554.
1006 2581 1092 2630 Licita
1108 2581 1277 2645 desponsacio
1293 2595 1311 2630 a
1327 2595 1396 2646 papa
1417 2583 1477 2632 167.

379 2677 408 2685 -
433 2649 536 2699 novelle
558 2650 617 2716 plns
638 2649 788 2714 appreciata
810 2663 888 2714 quam
912 2648 954 2699 lex
1006 2649 1114 2714 Ligacio
1131 2649 1241 2699 sathane
1259 2650 1317 2700 392.

411 2727 501 2767 eterna
519 2720 577 2768 477.
1007 2719 1103 2783 Ligare
1120 2723 1147 2767 et
1163 2718 1265 2767 solvere
1277 2718 1445 2768 conformiter
1457 2718 1533 2784 capiti
1542 2733 1572 2764 cc·

379 2815 408 2821 -
428 2786 566 2852 prohibent
582 2785 792 2836 cohabitaciones
803 2785 954 2836 clericorum
1041 2786 1119 2836 clesie
1140 2786 1199 2836 624.

412 2862 440 2905 et
458 2856 595 2905 mulierum
614 2857 655 2905 55.
1006 2861 1100 2904 —ntus
1112 2870 1158 2920 per
1170 2855 1287 2904 membra
1297 2869 1346 2904 sua
1359 2854 1386 2904 in
1398 2857 1503 2904 tartaris
1514 2853 1571 2919 spiri·

379 2952 408 2958 -
428 2939 496 2990 pape
509 2924 654 2974 distrahunt
666 2939 682 2972 a
694 2923 790 2973 noticia
802 2922 868 2988 legis
880 2922 954 2972 Csisti
980 2878 982 2953 i
1041 2931 1083 2974 tus
1100 2923 1231 2988 malignus
1249 2923 1307 2973 392.

412 2994 470 3043 662.
1007 2991 1102 3041 -andi
1115 2997 1141 3041 et
1152 2991 1270 3041 solvendi
1282 2991 1476 3057 plenitudinem
1489 2992 1569 3041 [runs

377 3089 409 3096 -
428 3061 579 3110 abscondite
596 3061 665 3110 scole
684 3059 789 3124 dyaboli
808 3062 865 3110 700.
1040 3060 1113 3110 dedit
1130 3060 1250 3110 omnibus
1267 3059 1390 3126 apostolis
1408 3063 1469 3110 666.

379 3157 408 3162 -
428 3129 471 3177 dei
489 3136 559 3178 secte
578 3129 699 3178 minuunt
718 3131 774 3178 183.
1006 3129 1143 3178 Limitacio
1161 3129 1367 3195 ingrediencium
1385 3129 1420 3178 ad
1438 3128 1569 3180 mendacio

379 3225 407 3232 —
429 3197 592 3246 insensibiles
610 3205 636 3246 et
654 3196 765 3246 morales
783 3195 858 3246 Cristi
877 3197 933 3248 139.
1041 3213 1100 3247 nem
1122 3198 1163 3247 97.

379 3266 488 3330 -gibus
505 3281 597 3330 regum
615 3271 682 3314 terre
694 3281 723 3315 ee
734 3265 852 3315 subicere
864 3264 954 3315 volnu-
1006 3266 1147 3316 Lineamm
1174 3265 1284 3316 duanam
1310 3267 1428 3316 altemns
1454 3275 1569 3316 contauns

412 3333 477 3382 tarie
498 3335 553 3383 105.
1041 3342 1081 3384 est
1098 3333 1208 3398 augelus
1225 3336 1283 3386 395.

378 3403 473 3452 Libera
490 3415 582 3452 secura
600 3401 693 3450 efficax
712 3401 849 3451 instructio
867 3401 955 3451 ovium
1006 3403 1117 3468 Lingua
1138 3404 1246 3452 fratrum
1268 3403 1378 3470 alligata
1398 3411 1487 3453 contra
1509 3399 1567 3450 (ii-‘i

413 3473 470 3520 303.
1042 3487 1069 3522 re
1098 3471 1160 3521 dam
1177 3473 1219 3521 48.
1286 3521 1289 3526 ,

379 3569 409 3576 -
428 3545 501 3589 secta
517 3539 578 3588 lesu
597 3537 673 3588 Cristi
691 3539 731 3588 25.
1006 3566 1039 3577 -
1062 3487 1170 3601 haebrea,
1197 3540 1303 3606 anglica
1328 3546 1377 3590 etc
1400 3549 1461 3590 sunt
1482 3537 1565 3588 babitu

379 3625 440 3658 -re
458 3607 552 3657 variari
570 3608 597 3656 in
615 3607 737 3672 operibus
755 3608 795 3658 90.
1041 3609 1106 3676 legis
1124 3608 1221 3658 domini
1239 3609 1297 3660 700.

380 3705 411 3712 -
430 3677 527 3726 servire
546 3675 595 3726 deo
613 3691 723 3742 regnum
734 3681 822 3740 posset
834 3682 860 3724 et
872 3675 955 3725 inten-
1006 3678 1034 3726 in
1050 3703 1081 3714 -
1096 3677 1190 3742 triplici
1201 3677 1376 3744 ewangelium
1387 3679 1477 3744 regine
1488 3672 1565 3738 Angli

412 3746 473 3795 dere
509 3746 610 3795 actibus
643 3744 801 3808 yconomicis
834 3745 861 3793 in
890 3759 954 3810 paco
1042 3753 1177 3795 exaratum
1198 3746 1255 3797 168.

412 3815 486 3864 Cristi
504 3815 621 3864 securius
638 3814 696 3863 280.
1007 3829 1080 3864 -we
1107 3829 1159 3863 nou
1185 3813 1319 3864 sufficiunt
1347 3814 1482 3864 mendacia
1511 3820 1563 3876 pepe

379 3883 486 3932 Liberos
503 3883 613 3949 proximi
631 3897 722 3948 rapere
742 3881 799 3931 142.
980 3890 982 3905 “
1042 3882 1175 3949 publicare
1193 3884 1251 3934 ebo.

379 3952 496 4001 Libertas
505 3951 686 4002 elemosinaria
696 3949 954 4000 estvolnntarialtll.
1009 3967 1109 4001 -wam
1133 3951 1220 4002 debite
1247 3952 1405 4001 refrenatam
1425 3951 1509 4000 fratres
1523 3957 1562 3992 nun

379 4047 409 4054 -
429 4020 527 4070 arbitrii
544 4020 641 4068 homini
659 4035 675 4068 a
693 4019 743 4068 deo
761 4019 897 4068 0515450.
1042 4020 1197 4070 1150511148.

382 4116 408 4124 -
429 4103 445 4138 a
463 4089 546 4138 Cristo
564 4089 665 4138 incesse
684 4090 740 4137 185.
1007 4090 1034 4138 in
1043 4089 1124 4137 -wis
1132 4089 1211 4138 variis
1220 4088 1330 4153 apostoli
1339 4088 1418 4138 tidem
1429 4083 1562 4147 coluerint·

380 4183 410 4191 —-
429 4162 499 4206 secte
518 4157 593 4206 Cristi
611 4159 652 4206 98.
980 4096 983 4213 i
1042 4163 1103 4207 ruut
1121 4158 1177 4207 116.

380 4226 459 4274 —tati
481 4225 556 4274 Cristi
577 4225 745 4274 commiscent
761 4231 831 4272 secte
851 4222 955 4272 hereses
980 4254 982 4301 4
1008 4227 1095 4276 Litere
1114 4225 1303 4275 fraternitatum
1322 4226 1367 4288 353
1388 4225 1449 4286 1⁴33
1467 4223 1516 4272 193.

411 4294 552 4342 contrarias
571 4295 611 4342 90.
1008 4309 1083 4344 -ras
1096 4293 1221 4344 discordie
1239 4292 1338 4360 tingere
1356 4294 1424 4343 inter
1441 4283 1557 4356 1551439-
