3312 5128
568 534 747 584 annuant
766 536 895 584 INDEX.
1271 543 1332 600 775

129 704 709 759 innovatacottidisdonaciosecularium3111.
735 720 737 783 ς
762 706 896 756 intercisio
914 706 1032 773 decalogi
1050 707 1231 757 mandatorum
1252 710 1307 758 119.

128 776 318 828 inobediencia
335 775 361 825 in
379 776 522 841 prepositos
540 777 598 825 529.
762 775 880 824 interimi
897 775 989 839 nequit
1006 775 1195 840 predestinacio
1214 777 1272 826 457.

130 845 294 896 insensibilis
313 853 340 894 et
356 844 466 895 morales
477 843 552 908 leges
564 843 640 892 Cristi
653 844 710 894 139.
736 892 737 919 ¹
763 843 918 893 Interiorum
936 843 1077 906 hominum,
1096 844 1141 909 qui
1152 844 1297 910 perduntur
1308 845 1342 894 ad

130 915 270 964 Insinuare
288 914 424 979 egenciam
442 913 610 962 convivarum
631 913 687 963 188.
797 919 932 974 tartarum,
942 913 1341 977 periculnmmaximnmestiiilss.

132 1013 163 1019 —
185 983 307 1049 egencias
325 982 435 1032 aliorum
454 983 511 1031 188.
736 964 738 1027 l
764 981 791 1030 in
813 981 924 1030 interitu
947 981 1108 1032 inimicorum
1127 981 1225 1032 Gristus
1248 982 1343 1032 ridebit

132 1081 165 1088 -
185 1051 308 1117 egencias
325 1065 386 1100 suas
406 1052 463 1102 188.
737 1062 738 1075 ¹
799 1051 857 1099 333.

130 1120 293 1186 iusipiencia
317 1119 484 1169 mndatornm
506 1117 636 1168 dimittere
658 1132 713 1182 per·
737 1116 739 1207 3
765 1117 985 1167 interlocuciones
1012 1125 1039 1168 et
1059 1117 1255 1184 predicaciones
1276 1119 1342 1170 salse

168 1191 267 1239 lectum
285 1195 312 1238 et
330 1189 427 1254 eligere
445 1187 626 1252 imperfectum
645 1187 686 1236 91.
738 1232 739 1245 ,
799 1192 929 1236 sectarum
947 1187 988 1236 63.

131 1257 281 1308 insolentes
299 1257 448 1308 sacerdotes
465 1257 523 1306 368.
765 1255 798 1304 ad
811 1254 1034 1320 interpellandum
1048 1254 1145 1306 cristus
1162 1271 1266 1322 semper
1276 1263 1344 1306 astat

132 1327 267 1376 instancia
284 1325 424 1376 multorum
441 1331 469 1374 et
485 1339 639 1388 magnorum
652 1323 714 1373 flde-
799 1324 858 1374 436.

168 1396 232 1444 lium
251 1395 436 1461 exstingueret
453 1393 614 1443 anticristum
633 1394 692 1442 400.
765 1392 953 1457 Interpretacio
970 1392 1096 1442 anticristi
1114 1395 1172 1443 399.

133 1493 165 1500 --
186 1463 336 1529 refugorum
354 1464 413 1514 392.
765 1488 798 1497 -
817 1460 922 1524 dyaboli
940 1462 998 1511 362.

132 1533 227 1581 -ncie
258 1539 348 1582 contra
377 1531 524 1582 sentenciae
554 1530 714 1596 privatorum
738 1534 740 1581 1
765 1529 924 1578 intoxicacio
941 1529 1004 1578 cleri
1021 1530 1079 1580 575.

168 1602 228 1651 530.
739 1594 740 1655 I
767 1625 798 1633 -
818 1598 913 1647 cesaris
931 1598 958 1646 in
976 1597 1061 1647 hostia
1078 1604 1229 1648 consecrata
1246 1599 1305 1648 227.

132 1671 220 1719 instar
238 1668 314 1718 Cristi
334 1675 421 1718 tacere
441 1669 498 1718 119.
739 1680 741 1725 ι
765 1667 867 1716 Intrare
884 1673 981 1716 sectam
999 1666 1059 1715 Iesu
1078 1665 1153 1716 Gristi
1171 1667 1229 1716 314.

133 1738 264 1787 instinctu
277 1736 382 1801 dyaboli
394 1737 554 1786 mendicacio
567 1735 715 1786 introducta
767 1741 829 1784 —at
845 1741 935 1784 auctor
951 1735 978 1784 in
996 1735 1105 1784 aliorum
1123 1734 1224 1784 labores
1243 1735 1284 1785 92.

170 1808 231 1858 363.
766 1803 922 1852 intricantes
940 1803 1076 1853 ecclesiam
1095 1803 1188 1852 fratres
1205 1805 1247 1855 94.

132 1892 188 1925 333
206 1874 322 1925 instituit
339 1874 437 1923 Panium
454 1881 538 1923 sectas
556 1887 638 1922 novas
655 1873 714 1923 267.
739 1916 741 1933 ,
766 1871 930 1922 Introdnccio
947 1871 1067 1922 ordinum
1082 1871 1161 1936 quale
1179 1870 1259 1921 habet
1279 1873 1344 1938 peri-

132 1943 278 1994 instrnccio
296 1942 383 1992 ovium
401 1943 484 1992 libera
506 1939 715 1992 3333331331-
739 1976 741 1997 ,
801 1941 890 1991 culum
908 1941 967 1990 227.

169 2027 219 2062 cax
238 2013 297 2063 303.
739 2004 742 2099 l
766 2008 924 2059 -ordinum
933 2015 1116 2059 extraneorum
1126 2007 1160 2057 ad
1169 2008 1343 2058 unitatemee.

132 2082 312 2130 Instrumenta
341 2079 423 2144 magis
452 2079 558 2130 subtilia
592 2079 716 2130 sathanas
739 2126 741 2139 ,
767 2105 799 2114 -
818 2078 926 2127 fratrum
943 2077 971 2126 in
989 2077 1126 2127 ecclesiam
1146 2079 1187 2127 94.

169 2149 434 2214 313133333331394.
766 2145 910 2197 secundnm
931 2161 1022 2196 -nem
1044 2146 1134 2212 legum
1152 2146 1285 2212 papalium
1303 2145 1345 2195 lex

132 2245 167 2254 -
187 2217 220 2266 ad
238 2216 408 2284 pugnandum
427 2217 500 2266 multi
518 2215 616 2266 habent
634 2217 693 2268 370.
801 2215 899 2264 (1313131
917 2221 957 2265 est
971 2229 1098 2280 suspensa
1115 2215 1174 2265 277.

132 2285 330 2336 insufficiencia
347 2283 480 2334 divisionis
498 2285 608 2335 ecclesie
627 2285 685 2336 707.
740 2286 742 2377 l
766 2283 919 2334 introducta
935 2282 1028 2350 religio
1045 2288 1084 2333 est
1097 2283 1256 2334 condicionis
1268 2300 1344 2349 oppo·

131 2353 300 2404 insufficiens
317 2361 357 2402 est
374 2352 482 2404 3331333
499 2353 633 2403 accusacio
652 2354 693 2404 73.
800 2353 850 2402 site
868 2354 927 2402 334.

132 2423 283 2490 integracio
302 2422 411 2472 ecclesie
429 2437 476 2487 per
493 2421 604 2472 Cristnm
625 2424 681 2473 100.
740 2412 742 2491 J
769 2427 843 2471 -cte
861 2420 954 2470 stolide
971 2427 1042 2470 secte
1061 2421 1119 2470 363.

132 2492 277 2558 integritas
294 2491 357 2540 cleri
376 2491 433 2540 100.
740 2522 742 2541 .
767 2490 891 2538 introitus
909 2489 1077 2539 demoniacus
1095 2489 1122 2538 in
1140 2488 1243 2538 ordines
1261 2489 1301 2538 72.

134 2560 348 2610 intelleccionem
384 2567 545 2610 terrenorum
579 2558 717 2608 cristianus
740 2552 742 2637 ζ
769 2558 845 2607 -ad
854 2557 1015 2608 locucionem
1024 2572 1092 2623 pape
1103 2557 1229 2607 emendus
1238 2563 1278 2606 est
1286 2557 1344 2607 391.

133 2634 303 2746 ruliiiiii
321 2629 443 2761 3111333
459 2694 570 2746 hominis
588 2697 646 2746 211.
740 2668 742 2751 l
767 2625 1184 2744 Iniiiiritiiiiuierii.hum⁸m⁸
1200 2625 1302 2692 lefflbm
1320 2631 1347 2675 a

132 2765 290 2815 Intellectus
324 2779 445 2830 suprema
478 2764 600 2829 potencIa
629 2769 716 2814 movet
767 2763 927 2813 Incedentes
944 2762 1047 2828 anglici
1065 2762 1216 2812 FlandrIam
1235 2764 1293 2812 393.

170 2850 264 2898 corpus
282 2833 316 2882 ad
333 2833 479 2883 subiectum
497 2834 556 2883 211.
740 2886 742 2905 1
767 2831 910 2882 invalescit
925 2837 1063 2896 peccatum
1081 2830 1200 2881 ordinum
1219 2832 1276 2880 213.

134 2931 168 2940 -
189 2919 204 2952 a
222 2902 314 2967 spiritu
332 2902 408 2952 datus
425 2901 490 2952 fides
508 2909 548 2952 est
565 2903 624 2952 213.
740 2912 742 2957 i
767 2899 889 2950 Inveccio
906 2916 959 2949 non
976 2899 1044 2965 sapit
1060 2899 1196 2950 caritatem
1214 2901 1255 2950 89.

135 2999 169 3008 -
189 2971 284 3020 dicitnr
300 2971 455 3037 principium
474 2971 532 3020 211.
740 2998 743 3029 ,
769 2969 846 3017 —in
864 2975 948 3018 sectas
965 2968 1024 3018 293.

135 3069 168 3076 -
183 3039 252 3089 (1333
265 3055 297 3088 ex
310 3039 443 3104 sapiencia
452 3039 494 3089 dei
504 3038 648 3104 procedunt
657 3039 715 3088 212.
768 3064 800 3073 -
819 3037 953 3103 supposita
971 3039 1011 3086 39.

132 3114 227 3158 contra
246 3135 278 3144 —·
296 3108 394 3158 donum
411 3107 565 3174 delinquere
584 3107 642 3156 212.
740 3126 742 3193 Ι
768 3105 896 3156 invehere
905 3105 1003 3155 debent
1011 3103 1102 3156 lidelss
1110 3111 1201 3154 contra
1209 3111 1294 3154 sectas
1304 3107 1345 3154 89.

135 3185 242 3226 —ctum
252 3175 362 3226 bominis
372 3176 474 3242 mitigat
485 3176 612 3241 cogitacio
624 3175 657 3224 de
667 3175 716 3226 deo
741 3200 743 3237 3
771 3201 797 3211 -
821 3174 956 3224 caritative
975 3175 1001 3224 in
1019 3181 1103 3224 sectas
1121 3175 1162 3224 99.

173 3246 231 3296 123.
741 3242 743 3299 1
767 3241 1347 3307 inveteratidyabolisuntcuiusmodicnuqne

135 3341 169 3351 -
189 3313 326 3363 cristianus
345 3314 445 3378 erigere
463 3319 549 3378 potest
567 3314 624 3364 125.
804 3311 909 3377 presciti
928 3313 986 3362 333.

132 3381 716 3448 1313111ςὶ1(1333(1131133133333313333131.76.
767 3379 870 3430 Invidia
888 3379 994 3443 dyaboli
1015 3379 1134 3446 probibet
1156 3395 1236 3430 unum
1254 3395 1348 3444 corpus

134 3452 255 3500 intencio
273 3450 371 3500 munda
388 3450 500 3500 militum
518 3449 593 3501 Cristi
611 3451 669 3500 604.
803 3449 1003 3514 dampnatorum
1021 3455 1048 3499 et
1064 3449 1222 3500 salvatorum
1241 3449 1299 3498 323.

135 3549 168 3556 —
193 3519 272 3569 debet
294 3519 329 3569 ad
350 3520 473 3570 bonorem
496 3519 539 3568 dei
560 3525 587 3568 et
609 3534 661 3568 non
683 3518 717 3568 3(1
741 3508 743 3591 l
769 3545 801 3553 -
820 3518 847 3566 in
864 3517 942 3567 sectis
960 3519 1001 3568 26.

171 3593 292 3653 questum
310 3587 494 3654 temporalium
512 3587 645 3637 temrinari
657 3588 715 3637 310.
740 3612 743 3663 1
770 3585 845 3636 —die
863 3601 911 3652 per
927 3586 1039 3649 collegia
1055 3586 1222 3636 cumulantur
1239 3586 1298 3635 271.

134 3685 169 3694 -
189 3655 260 3706 sedis
276 3671 345 3722 pape
363 3672 425 3706 num
444 3662 515 3706 recta
533 3657 591 3706 560.
769 3683 800 3690 -
819 3655 965 3704 subiectum
983 3655 1094 3720 primum
1112 3653 1235 3703 sathanas
1253 3655 1310 3704 395.

135 3726 232 3776 —ione
250 3725 320 3774 mala
337 3725 442 3790 presciti
460 3731 601 3790 operantur
618 3725 676 3774 560.
768 3724 934 3773 inviscantur
951 3721 1070 3772 monachi
1088 3739 1146 3772 cum
1162 3721 1348 3786 temporalibus

134 3794 278 3844 intendere
296 3793 411 3844 oracioni
429 3793 513 3844 vocali
531 3795 589 3844 343.
804 3794 860 3844 131.

134 3891 168 3900 -
189 3863 339 3929 operacioni
351 3862 512 3928 euangelica
524 3877 584 3913 cnm
596 3861 717 3912 libertate
768 3861 883 3910 involuti
900 3861 926 3910 in
944 3859 1029 3910 heresi
1047 3858 1153 3922 dyaboli
1170 3864 1231 3908 3331
1249 3859 1307 3908 363.

171 3931 214 3981 (131
236 3934 294 3982 345.
741 3928 743 3993 3
768 3929 795 3978 iu
812 3927 1040 3978 irracionabilibus
1058 3927 1142 3976 verbis
1164 3927 1348 3992 (3311133133-

135 4033 163 4042 -
180 3999 307 4050 debemus
317 3999 417 4050 iusticie
425 3999 479 4050 vite
492 4006 518 4050 et
527 3999 649 4064 operibus
658 4000 716 4049 344.
741 4002 743 4043 1
802 4005 872 4048 trent
890 3996 1055 4047 homicidium
1076 3996 1132 4045 121.

134 4097 169 4106 -
189 4069 334 4119 deleccioui
351 4067 394 4118 dei
414 4070 470 4118 145.
741 4092 743 4144 Ι
770 4066 862 4116 -liter
880 4065 988 4132 obligari
1006 4063 1153 4114 hominibus
1174 4064 1229 4113 135.

133 4136 237 4188 -dens
255 4137 330 4203 regni
347 4137 525 4202 gubernaculo
537 4137 617 4186 debet
633 4135 716 4200 provi·
741 4151 743 4203 3
767 4134 929 4200 Irregulares
945 4138 1006 4182 sunt
1023 4140 1093 4182 secto
1112 4133 1152 4183 39.

171 4205 234 4256 dere
253 4205 424 4272 presbiterum
442 4205 485 4255 vel
503 4211 622 4256 curatum
640 4205 698 4254 275.
742 4234 744 4269 p
768 4203 950 4268 irregularitas
967 4203 995 4251 13
1012 4201 1190 4252 sacerdotibus
1208 4201 1267 4252 607.

132 4275 265 4325 -dentes
282 4275 338 4325 ocio
359 4275 415 4324 120.
768 4271 865 4321 irretiti
882 4272 975 4320 fratres
993 4272 1034 4320 51.
