3304 5134
378 555 439 613 740
825 551 1005 602 GENERAL
1024 551 1153 601 INDEX.

377 724 475 774 Cristae
494 723 577 788 legius
595 723 672 774 hemo
690 723 785 774 cesaris
807 725 862 774 105.
980 737 984 789 t
1009 721 1106 774 Oristus
1124 722 1254 772 ordinavit
1271 723 1397 789 triplicem
1409 723 1579 773 variacionen

378 820 410 829 -
429 800 456 842 et
473 793 516 841 lex
534 797 595 840 sunt
612 792 747 842 individua
765 793 823 842 657.
981 806 983 859 v
1042 792 1256 842 vestimentorum
1274 792 1315 843 27.

377 889 408 897 -
419 860 541 910 limitavit
550 860 756 911 iurisdiccionem
767 861 794 910 in
805 861 888 911 ludea
897 863 955 912 686.
1008 887 1040 898 -
1059 860 1189 910 ordinavit
1198 861 1298 911 semina
1306 861 1380 911 verbi
1395 861 1517 927 dispergi
1537 863 1578 910 lat
1620 855 1621 922 1

377 930 955 996 -magisnecessariaclareexpresserit'lbtl.
1008 928 1189 979 —ordinavit
1217 930 1393 980 variacionem
1423 928 1578 979 indumento

377 1026 409 1035 —
428 997 563 1048 mendicus
582 1007 689 1048 vocatus
709 1001 766 1049 169.
1042 1013 1099 1048 rum
1118 999 1159 1048 27.
1620 959 1621 1034 1

377 1093 409 1103 —-
428 1067 531 1116 mentiri
549 1083 602 1116 non
621 1068 716 1132 poterit
734 1069 792 1118 684.
980 1068 982 1123 Ι
1007 1095 1040 1105 -
1059 1067 1154 1116 ostium
1172 1066 1264 1116 domus
1281 1067 1324 1116 dei
1344 1068 1401 1118 175.
1620 1035 1621 1116 1

377 1163 408 1172 -
428 1135 571 1185 misericors
589 1143 615 1186 et
633 1137 690 1201 pius
708 1145 832 1202 patronus
852 1136 908 1186 140.
1007 1161 1040 1173 ·-
1058 1143 1183 1201 patronus
1201 1141 1227 1186 et
1245 1135 1337 1202 regula
1355 1137 1397 1186 64
1620 1185 1621 1188 ,

376 1231 408 1242 -
427 1205 522 1254 multas
540 1203 625 1254 febres
642 1204 819 1255 individuatas
840 1221 892 1254 uon
914 1220 955 1254 eu·
1007 1230 1039 1240 -
1058 1205 1218 1270 pauperibus
1236 1221 1288 1254 non
1306 1212 1363 1254 erat
1380 1220 1513 1254 onerosus
1533 1205 1576 1253 245.
1620 1219 1621 1252 v

411 1274 492 1338 scepit
511 1274 568 1323 169.
1007 1299 1037 1310 -
1057 1288 1105 1338 per
1130 1273 1257 1323 miracula
1282 1272 1415 1323 residuum
1439 1273 1527 1324 victus
1546 1289 1577 1321 er·

377 1368 409 1378 -
427 1357 476 1392 nec
493 1341 521 1391 in
539 1355 650 1407 persona
667 1342 772 1406 propria
788 1357 837 1391 nec
855 1342 882 1390 in
893 1356 954 1406 apo·
1040 1343 1172 1407 supplevit
1189 1343 1248 1392 245.

411 1411 483 1460 stolis
493 1411 606 1474 quesivit
615 1411 732 1460 seculare
742 1411 884 1460 dominium
895 1412 953 1460 686.
1007 1425 1105 1476 -per
1126 1412 1278 1476 pauperiem
1296 1411 1359 1460 vicit
1376 1411 1509 1462 mundum
1531 1411 1574 1460 651.
1620 1427 1621 1444 ¹

377 1505 408 1515 —
428 1480 536 1545 negavit
556 1479 694 1543 primatum
716 1479 876 1528 mundanum
895 1481 953 1530 703.
978 1514 980 1563 p
1006 1507 1039 1516 -
1058 1495 1167 1544 peccare
1186 1495 1238 1528 non
1256 1485 1359 1546 poterat
1376 1481 1437 1529 609.

377 1574 409 1584 -
428 1548 536 1613 negavit
554 1548 671 1596 seculare
684 1547 828 1597 dominium
845 1547 897 1597 suis
915 1563 954 1597 sa·
1006 1575 1038 1584 -
1056 1548 1198 1614 perfeccior
1215 1563 1381 1614 quecumque
1399 1555 1515 1613 patrono
1531 1547 1575 1598 aa

412 1617 559 1667 cerdotibus
578 1618 636 1666 656.
978 1648 980 1705 q
1006 1643 1038 1652 -
1059 1617 1152 1682 plenus
1170 1616 1238 1666 dono
1255 1617 1394 1682 septuplici
1413 1618 1476 1668 209.

378 1713 406 1722 -
427 1685 511 1735 noluit
532 1685 588 1734 lieri
605 1685 756 1734 distributor
771 1685 953 1751 temporalium
1004 1711 1038 1721 -
1056 1685 1208 1751 pontificum
1225 1685 1291 1752 legis
1308 1685 1406 1736 veteris
1424 1685 1478 1735 fuit
1495 1683 1574 1734 machi

410 1756 468 1806 374.
1039 1761 1115 1804 nator
1132 1755 1191 1805 465.

376 1851 408 1860 -
427 1823 511 1872 noluit
529 1839 589 1871 suos
607 1823 761 1872 incarcerari
780 1823 837 1872 524.
977 1760 979 1839 1
1005 1848 1037 1858 -
1055 1823 1181 1888 populum
1198 1821 1344 1872 moderavit
1361 1824 1422 1874 465.

376 1920 407 1928 -·
427 1908 479 1941 non
497 1891 541 1941 dat
559 1897 715 1956 potestatem
732 1891 829 1940 homini
852 1890 902 1940 nisi
919 1890 953 1939 sd
1005 1917 1037 1927 -
1056 1899 1113 1957 post
1130 1891 1309 1942 ascensionem
1322 1890 1464 1942 ecclesiam
1476 1891 1573 1940 marine

411 1961 520 2010 ecclesie
539 1959 733 2010 edificacionem
752 1962 810 2011 621.
1038 1960 1180 2026 prudenter
1196 1961 1306 2026 regebat
1323 1962 1381 2011 609.

376 2056 408 2067 -
427 2046 479 2078 non
498 2036 619 2093 acceptor
636 2044 805 2093 personarum
824 2029 939 2079 661467.
1005 2055 1037 2064 -
1055 2030 1138 2094 prima
1156 2029 1252 2078 veritas
1270 2030 1329 2080 349.

378 2125 409 2133 -
429 2114 482 2148 non
500 2097 654 2162 approbavit
671 2104 755 2147 sectas
773 2098 831 2148 303.
1006 2098 1210 2163 -principium
1228 2098 1313 2162 operis
1331 2097 1460 2147 meritorii
1478 2097 1531 2148 701.

377 2192 408 2202 -
427 2182 479 2216 non
494 2166 585 2214 citavit
597 2172 705 2215 tortores
718 2173 747 2216 ut
759 2167 875 2216 cmcicnt
893 2169 951 2218 549.
1006 2193 1038 2202 -
1055 2183 1102 2232 pro
1125 2166 1220 2216 delicto
1243 2167 1346 2232 generis
1368 2166 1480 2216 humani
1496 2179 1571 2232 pastu

376 2263 407 2273 —-
427 2251 479 2283 non
507 2234 608 2283 curavit
633 2234 788 2284 tradiciones
817 2235 953 2285 sensibiles
1040 2235 1089 2284 fuit
1107 2236 1165 2286 627.

410 2309 539 2352 sectarum
560 2304 616 2352 199.
1005 2328 1036 2340 ·-
1055 2319 1102 2369 pro
1125 2303 1285 2353 relevamine
1315 2319 1422 2353 suorum
1451 2302 1569 2368 wlgarinn

376 2399 407 2408 —
428 2388 482 2420 non
499 2371 669 2436 desponsatus
682 2379 722 2422 est
734 2388 792 2422 cum
805 2372 905 2438 walis
918 2373 953 2422 la·
976 2394 979 2439 Ι
1039 2372 1112 2438 degit
1127 2373 1208 2422 vitam
1226 2387 1369 2438 pauperem
1388 2373 1450 2423 422.

411 2440 515 2505 pidibus
534 2441 591 2490 056.
1006 2466 1037 2476 -
1056 2439 1188 2506 prohibuit
1205 2440 1312 2490 clericos
1330 2440 1414 2490 dotari
1434 2443 1492 2492 701.

377 2536 405 2543 -
427 2524 479 2558 non
503 2509 584 2557 falsus
606 2509 764 2574 sompniatnr
790 2509 823 2559 de
845 2508 954 2558 ficcione
1005 2520 1038 2545 ··-
1056 2508 1187 2573 prohibuit
1208 2508 1265 2560 lieri
1291 2508 1445 2560 addicienes
1471 2523 1514 2559 sne
1530 2505 1568 2568 lep'

412 2577 548 2644 potestatis
567 2578 625 2627 617.
1041 2580 1099 2629 144.

376 2672 409 2682 -
428 2663 480 2695 non
503 2647 587 2711 potuit
608 2645 748 2696 vendicare
775 2645 953 2696 obedienciam
978 2672 980 2683 =
1007 2672 1038 2682 -
1051 2646 1409 2713 prohibuitsuosterirecum
1419 2646 1508 2713 gladio
1523 2643 1566 2692 667.

410 2716 461 2764 nisi
477 2729 551 2764 suam
570 2716 627 2765 713.
1007 2743 1039 2751 -
1057 2732 1103 2781 pro
1121 2715 1231 2765 aliorum
1249 2715 1400 2764 criminibus
1417 2716 1521 2780 punitus
1539 2721 1568 2760 et-

376 2811 409 2821 -
428 2800 491 2833 num
509 2791 606 2833 statum
623 2785 732 2834 fratrum
744 2783 893 2848 aliqualiter
910 2799 954 2849 ap·
1041 2786 1099 2834 331.

411 2853 530 2918 probavit
549 2854 607 2904 710.
1006 2879 1037 2888 -
1057 2851 1163 2918 quando
1181 2853 1291 2902 ecclesie
1309 2853 1459 2902 turbativus
1475 2851 1527 2903 573.

378 2948 408 2956 -
428 2938 480 2970 non
498 2921 582 2971 variat
599 2936 673 2970 suam
691 2921 809 2988 regulam
829 2921 885 2971 142.
1007 2945 1039 2956 -
1058 2921 1164 2986 quando
1181 2921 1230 2971 eibi
1248 2921 1393 2971 connerius
1411 2923 1471 2972 573.

378 3017 415 3060 -Ι
428 2990 546 3040 novellos
563 2995 646 3039 status
657 3007 710 3041 non
723 2991 877 3056 approbavit
895 2990 953 3041 709.
979 2980 981 3063 l
1006 3016 1039 3025 -
1058 2997 1085 3039 et
1102 2989 1170 3039 racio
1189 2996 1317 3055 appetunt
1333 2989 1465 3040 unitatem
1482 2990 1533 3040 230.

378 3084 410 3093 -
429 3058 536 3108 numia
554 3058 721 3108 ordinacione
739 3060 833 3108 stultus
853 3061 910 3109 139.
979 3077 981 3106 ι
1006 3085 1039 3093 -
1057 3058 1205 3124 redemptor
1222 3058 1336 3108 omnium
1355 3055 1405 3124 791

378 3152 402 3161 -
429 3142 492 3176 num
509 3126 626 3192 ingratus
644 3128 687 3177 vel
705 3129 825 3192 inpotens
843 3127 901 3178 703.
1006 3153 1038 3162 -
1057 3127 1221 3192 reprobative
1242 3127 1359 3192 loquitur
1374 3125 1409 3176 de
1426 3126 1503 3178 sectis
1522 3123 1565 3172 709.

377 3220 409 3230 -
428 3210 491 3244 num
509 3195 535 3242 in
554 3201 625 3244 secta
642 3211 690 3246 sua
707 3197 873 3262 imperfectus
896 3195 953 3247 139.
1006 3195 1196 3245 -sacerdotee
1205 3195 1295 3260 templi
1305 3211 1357 3262 aon
1366 3193 1564 3261 approbavitlttl

378 3288 409 3298 -
429 3279 490 3312 num
509 3277 577 3327 pape
595 3264 684 3314 similis
701 3266 728 3314 in
746 3265 859 3314 moribus
879 3265 935 3314 129.
1007 3291 1038 3300 -
1057 3271 1142 3314 sectas
1159 3280 1212 3314 uon
1229 3264 1330 3314 curavit
1348 3264 1408 3314 230.

378 3357 409 3367 -
428 3345 570 3396 numquam
589 3333 716 3383 desectis
734 3333 843 3382 recoluit
861 3334 918 3382 710.
1007 3359 1038 3368 -
1057 3331 1209 3382 seculariter
1226 3333 1354 3382 dominari
1371 3332 1525 3383 1161611681.

379 3427 409 3436 -
428 3414 571 3465 numquam
597 3401 661 3451 citat
685 3401 735 3451 nisi
761 3401 795 3451 ad
817 3400 953 3452 beatitudi·
1007 3428 1039 3438 —
1057 3417 1160 3466 semper
1176 3416 1268 3467 pacem
1286 3401 1505 3451 recommendavit
1520 3396 1563 3447 669

412 3485 472 3519 nem
491 3471 549 3518 689.
1008 3495 1038 3504 -
1057 3485 1160 3535 semper
1176 3471 1225 3520 scit
1242 3469 1329 3520 omnia
1347 3471 1407 3521 631.

378 3564 409 3573 -
429 3538 578 3604 oblaciones
596 3553 649 3586 non
667 3537 818 3602 requirebat
834 3539 892 3588 245.
1005 3565 1039 3575 -—
1057 3553 1149 3587 sexum
1164 3538 1305 3588 femineum
1318 3539 1474 3604 approbavit
1489 3537 1537 3586 709.

377 3633 409 3642 -
428 3607 482 3656 odit
499 3606 644 3656 iocaciones
663 3607 721 3657 993.
1006 3635 1037 3644 -
1056 3607 1105 3656 sibi
1126 3607 1175 3673 ipsi
1196 3607 1339 3658 contrarius
1362 3607 1474 3657 ecclesie
1497 3603 1563 3654 turbs·

377 3703 409 3713 -
428 3676 591 3740 omnipotens
610 3677 667 3726 613.
1039 3675 1109 3725 tivus
1126 3677 1185 3727 593.

376 3771 408 3780 -
428 3745 511 3794 omnis
529 3745 571 3794 vel
590 3744 673 3808 prima
689 3743 786 3793 veritas
804 3745 863 3795 349.
1007 3771 1039 3780 -
1058 3760 1167 3808 sponsus
1180 3743 1290 3794 ecclesie
1311 3747 1368 3795 191.

378 3840 409 3850 -
429 3813 585 3863 oninisciens
602 3812 686 3863 noluit
704 3829 760 3863 esse
778 3813 856 3863 iudex
875 3814 953 3863 bono·
1007 3840 1039 3850 -
1057 3819 1153 3862 statum
1176 3812 1339 3863 dominomm
1360 3813 1511 3864 secularium
1531 3823 1561 3856 01·

412 3899 468 3932 rum
487 3883 545 3932 677.
1040 3881 1167 3947 pressavit
1185 3882 1243 3932 709.

378 3976 409 3986 -
428 3951 455 3999 in
473 3949 639 4000 ordinacione
657 3965 705 4001 sua
722 3950 771 4000 luit
787 3950 954 4015 completiesi·
1007 3977 1038 3986 -
1057 3950 1110 3999 suis
1126 3965 1270 4015 numquam
1288 3949 1361 4001 dedit
1382 3951 1515 4017 specialem
1529 3961 1560 4011 p>

411 4035 468 4068 mne
486 4020 544 4068 229.
1040 4019 1153 4068 tenciam
1171 4020 1230 4069 617.

376 4114 408 4123 -
430 4087 559 4137 ordinavit
588 4087 717 4152 apostolos
746 4087 773 4136 in
799 4087 953 4148 humilitate,
1007 4114 1039 4124 —
1057 4102 1157 4137 summe
1179 4087 1284 4154 fugiens
1301 4088 1402 4139 lucrum
1420 4081 1559 4140 6666116911-

412 4161 565 4221 paupertate
583 4163 632 4205 etc.
651 4157 709 4206 595.
1005 4182 1037 4192 -
1056 4171 1157 4206 summe
1175 4155 1280 4207 humilis
1298 4159 1356 4208 616.

376 4251 408 4260 -
428 4224 564 4280 ordinavit,
576 4223 646 4288 quod
659 4224 779 4290 discipuli
789 4223 954 4274 circumirent
1006 4240 1157 4275 -summe
1180 4232 1284 4292 potens,
1308 4241 1409 4276 summe
1430 4225 1524 4291 sapiens
1540 4223 1559 4264 tl

412 4309 457 4358 per
474 4293 642 4342 habitabilem
662 4295 719 4344 704.
1039 4309 1139 4344 summe
1157 4294 1269 4361 diligens
1286 4295 1345 4346 296.
