3324 5126
109 587 170 634 sap.
190 565 239 636 ιι]
449 568 504 618 on
520 567 781 618 rnnrnonroun
797 566 982 618 scincum.
1249 573 1310 632 451

110 741 192 804 libet
217 749 314 803 statua
340 740 464 822 dyaboli
487 741 526 802 sit
546 741 604 802 sibi
626 741 728 801 utilior
750 761 841 821 quem
863 737 1006 821 eliquis¹⁴
1027 750 1124 802 status
1145 741 1313 814 beatorum,

111 865 186 906 cum
217 845 274 905 iste
304 853 400 906 status
429 845 505 905 facit
534 842 592 904 sibi
622 843 744 917 bonum,
777 845 848 924 quia
879 843 1130 923 dampnacionem
1153 845 1263 907 iustam
1286 852 1317 906 et

111 947 219 1009 divine
249 947 367 1008 iusticie
397 945 662 1026 complementum.
706 945 781 1008 Ideo
812 968 882 1008 cum
913 957 1010 1008 status
1040 949 1097 1008 iste
1120 948 1317 1008 ordinatura

111 1051 182 1124 deo,
214 1059 309 1130 patet,
342 1049 423 1131 quod
453 1049 515 1122 ille,
547 1059 582 1110 ut
612 1058 657 1110 est
687 1049 792 1124 iustus,
822 1049 865 1112 sic
887 1059 933 1111 est
954 1050 1010 1111 tali
1032 1047 1198 1130 dyabolo¹⁶
1220 1059 1317 1112 status

83 1154 223 1216 abonus.

202 1257 265 1319 Sed
287 1277 348 1318 non
370 1257 522 1337 loquimur
544 1257 584 1317 ad
606 1256 687 1318 hunc
710 1276 840 1329 sensum,
870 1256 951 1337 quod
974 1252 1115 1331 status,¹⁶
1136 1255 1168 1316 in
1190 1276 1249 1335 quo
1272 1263 1318 1316 est

110 1362 287 1442 quicunque
310 1360 470 1440 dyabolus,
494 1359 543 1420 vel
567 1367 664 1420 statua
685 1359 806 1432 viantis,
829 1360 943 1439 inquo
966 1368 1012 1421 cst
1027 1353 1231 1441 quicunque¹⁷
1247 1379 1317 1437 pur·

110 1472 204 1542 gater
235 1463 344 1526 latrina
376 1463 426 1524 vel
458 1471 726 1542 quantumcunque
758 1461 903 1536 abiectus,
932 1463 971 1523 sit
997 1462 1104 1522 melior
1131 1471 1222 1541 atqua
1249 1481 1317 1541 per·

111 1566 228 1626 feccicr
250 1575 331 1627 statu
353 1564 490 1645 quolibet
512 1565 703 1644 assignando,
728 1565 799 1645 quia
820 1565 870 1625 isti
891 1565 1002 1626 utilior.
1039 1565 1120 1625 Nam
1142 1565 1238 1625 frater
1258 1564 1316 1626 boc

64 1667 206 1730 romodo
229 1669 412 1749 equivocans
434 1667 579 1746 deturpat
600 1687 688 1728 suum
710 1667 846 1728 ordinem
869 1677 899 1728 et
920 1687 982 1727 non
1003 1676 1099 1728 ornat.

201 1769 365 1850 Supposito
387 1791 468 1849 crgo,
492 1771 573 1849 quod
595 1770 756 1851 loquamur
770 1770 947 1850 simpliciter
961 1770 999 1830 dc
1013 1770 1205 1850 perfeccione
1220 1779 1317 1832 status

109 1873 145 1933 in
177 1893 218 1946 se,
251 1881 376 1953 propter
389 1879 402 1944 ΙΙ
418 1873 504 1935 cuius
526 1881 623 1934 status
645 1873 694 1935 vel
717 1874 830 1934 ordinis
850 1874 1019 1952 ingressum
1040 1874 1140 1953 ipsum
1163 1875 1316 1954 accipiens
1332 1885 1342 1938 t
1355 1885 1423 1936 ΟΜ.
1436 1886 1476 1925 m

111 1985 161 2036 est
190 1985 226 2038 ut
255 1977 299 2037 sie
320 1976 497 2056 perfeccior,
530 1997 622 2057 quam
644 1977 723 2037 foret
744 1997 784 2038 ex
806 1978 943 2056 ingressu
966 1977 1079 2037 ordinis
1101 1976 1226 2038 alterius
1248 1977 1315 2038 bas-

111 2079 209 2152 sioris,
233 2087 306 2141 tunc
329 2080 458 2152 videtur,
482 2079 563 2159 quod
585 2079 713 2160 quilibet
734 2089 831 2141 status
854 2080 982 2140 fratrum
1006 2081 1045 2140 eit
1066 2079 1122 2141 sub
1142 2099 1202 2140 non
1217 2080 1316 2160 gradu

63 2182 313 2261 rsperfeocionis
336 2191 367 2244 et
387 2202 443 2262 per
465 2202 650 2263 consequens
671 2183 883 2263 imperfeccior
904 2179 968 2244 et¹⁸
989 2204 1080 2264 quam
1095 2182 1204 2263 aliquis
1219 2191 1316 2244 status

112 2285 250 2364 dyaboli.

199 2387 280 2448 Nam
311 2387 424 2461 nullus,
455 2397 490 2448 ut
518 2388 688 2467 ingreditur
714 2389 806 2450 talem
829 2388 965 2450 ordinem
987 2384 1159 2463 fratrum¹⁹,
1192 2397 1238 2450 est
1258 2388 1316 2450 sub

110 2491 217 2571 aliquo
239 2491 339 2569 gradu
360 2491 569 2570 perfeccionis,
593 2493 674 2571 quod
696 2501 800 2552 tamen
822 2501 983 2572 oporteret,
1006 2493 1032 2552 si
1054 2493 1125 2553 talis
1148 2493 1221 2554 ordo
1237 2493 1316 2554 foret

110 2595 268 2674 perfectus
299 2593 340 2654 ad
371 2614 492 2656 sensum
523 2595 703 2674 expositum,
736 2615 807 2674 ergo
839 2604 885 2656 est
914 2603 950 2656 ut
980 2596 1023 2656 sic
1054 2595 1110 2656 sub
1134 2617 1195 2656 non
1217 2596 1316 2675 gradu

60 2696 323 2776 auperfecoionis.
369 2697 440 2758 Non
470 2697 551 2759 enim
583 2707 629 2758 est
659 2717 744 2778 puer,
776 2698 808 2758 in
839 2707 986 2778 quantum
1008 2699 1108 2760 factus
1131 2699 1234 2772 frater,
1258 2697 1315 2760 sub

113 2799 219 2879 aliquo
249 2800 347 2878 gradu
378 2799 576 2880 perfeccionis
607 2801 790 2874 essencialis,
823 2823 892 2862 oum
922 2801 978 2861 illa
1000 2811 1104 2862 manet
1125 2801 1315 2864 invariabilis

112 2902 195 2964 sicut
225 2903 408 2964 hmnanitaa.
452 2903 494 2964 Et
524 2903 676 2984 loquendo
707 2904 746 2965 de
776 2904 967 2984 perfeccione
999 2905 1211 2979 occidendali,
1244 2925 1314 2966 oum

113 3025 177 3066 non
208 3015 307 3084 potest
337 3005 398 3067 dici
428 3007 580 3086 perfeccio
610 3008 643 3067 in
676 3007 788 3068 virtute
811 3027 855 3080 ec,
879 3008 961 3087 quod
982 3016 1055 3070 tunc
1081 3008 1161 3069 foret
1187 3006 1315 3088 quilibet

112 3111 210 3170 frater
231 3119 266 3170 ut
287 3109 460 3170 huiusmodi
480 3110 640 3182 virtuosus,
664 3110 852 3191 relinquitur,
877 3111 958 3190 quod
980 3111 1019 3172 sit
1040 3111 1192 3192 parfeooio
1215 3111 1314 3190 dispo-

61 3213 236 3277 uosioionis
258 3211 387 3273 hominis
410 3211 451 3272 ad
472 3213 624 3274 virtutem.
662 3213 733 3273 Non
754 3213 835 3274 euim
858 3222 903 3274 est
925 3213 982 3275 sub
1004 3214 1105 3294 aliquo
1127 3213 1225 3294 gradu
1247 3234 1314 3294 per·

113 3316 259 3377 feccicnis
290 3315 339 3376 vel
366 3315 569 3396 reputacionie
591 3315 729 3389 hominis,
763 3311 898 3396 quoad²⁰
920 3316 1078 3390 mundum,
1110 3318 1181 3398 quia
1203 3317 1315 3379 stultus

113 3419 201 3492 foret,
225 3419 277 3499 qui
299 3438 337 3478 ca
357 3418 529 3480 intencione
550 3419 704 3496 acciperet
725 3427 837 3479 statum
859 3419 971 3479 fratris.
1001 3419 1044 3481 Et
1058 3420 1100 3482 sic
1115 3429 1209 3501 patet,
1233 3420 1314 3502 quod

114 3531 234 3601 oportet
269 3521 401 3600 logicmn
432 3529 545 3582 statum
575 3521 775 3600 perfectionis
809 3517 945 3582 fratris²¹
978 3517 1052 3583 ad''
1083 3523 1312 3603 disposicionem

112 3626 146 3685 in
169 3623 303 3685 moribus
325 3624 500 3705 retorqueri.

59 3747 102 3794 3⁰
199 3721 325 3807 Capiet*
355 3735 458 3788 autem
488 3725 710 3806 blasphemiam
741 3725 800 3787 iata
830 3735 1008 3807 presumpta
1038 3729 1189 3808 perfeccio
1216 3739 1313 3791 status

110 3832 251 3904 flauum
276 3829 347 3912 quia
369 3839 474 3904 status,
498 3849 589 3910 quam
612 3828 728 3890 Cristus
750 3829 925 3890 immediate
947 3831 1078 3892 instituit
1099 3840 1170 3892 ente
1192 3832 1310 3907 frames,

181 3999 203 4030 ¹⁴
220 3997 390 4070 aliquiaCDd
433 4000 591 4061 aliua(l)E
667 3995 689 4026 ¹⁶
706 4005 724 4048 t.
743 3999 785 4062 dy.
796 3996 861 4068 coyt
908 3997 950 4064 dy.
968 4001 1024 4050 tE
1103 3997 1125 4028 ¹⁶
1142 3999 1313 4071 stotonae

110 4091 155 4138 tuf
171 4091 196 4138 ia
207 4105 271 4139 mar.
283 4091 306 4138 ic
317 4088 376 4137 cdd.
390 4086 419 4150 by
432 4083 472 4135 E‘
489 4085 585 4136 viantis
638 4081 659 4112 ¹⁷
677 4084 805 4149 dyabolus
817 4101 841 4134 v.
854 4091 884 4135 st
897 4101 922 4134 v.
934 4085 962 4133 in
974 4102 998 4151 q.
1012 4093 1051 4136 ost
1060 4088 1210 4153 quicunque
1221 4087 1311 4158 cosp

144 4176 227 4224 oar*
276 4171 297 4200 ¹⁸
315 4169 418 4242 etODd
447 4173 554 4222 om.EF
603 4168 625 4199 ¹⁹
637 4171 778 4222 fratrumG
804 4169 890 4220 fratris
898 4167 971 4239 Diffi
1022 4168 1143 4238 ”quoad
1153 4171 1219 4242 Οὒβ
1248 4189 1311 4240 ergo

110 4261 181 4312 adE
266 4255 288 4286 ¹¹
306 4258 393 4309 irenis
403 4254 466 4326 ΟΕβ
517 4258 662 4308 fratrumD
748 4253 771 4284 ²⁹
788 4257 823 4306 Et
839 4257 877 4307 sic
894 4261 967 4322 patet
981 4284 1012 4292 —
1027 4257 1112 4307 fratris
1130 4257 1164 4307 ad
1174 4257 1312 4330 ODEdAE‘

109 4351 136 4399 ia
154 4363 217 4397 aar.
253 4346 336 4396 aar
402 4339 425 4371 ¹⁸
442 4343 594 4409 capitODE
626 4339 740 4412 capiatss

1044 4425 1096 4481 29*
