<?xml version="1.0" encoding="UTF-8"?>
<!DOCTYPE html PUBLIC "-//W3C//DTD XHTML 1.0 Transitional//EN"
    "http://www.w3.org/TR/xhtml1/DTD/xhtml1-transitional.dtd">
<html xmlns="http://www.w3.org/1999/xhtml" xml:lang="en" lang="en">
 <head>
  <title>
</title>
<meta http-equiv="Content-Type" content="text/html;charset=utf-8" />
  <meta name='ocr-system' content='tesseract 3.04.00' />
  <meta name='ocr-capabilities' content='ocr_page ocr_carea ocr_par ocr_line ocrx_word'/>
</head>
<body>
  <div class='ocr_page' id='page_1' title='image "./johnwiclifspole02wyclgoog/johnwiclifspole02wyclgoog_0332.png"; bbox 0 0 3304 5134; ppageno 0'>
   <div class='ocr_carea' id='block_1_1' title="bbox 362 501 1620 602">
    <p class='ocr_par' dir='ltr' id='par_1_1' title="bbox 362 501 1620 602">
     <span class='ocr_line' id='line_1_1' title="bbox 362 501 1620 602; baseline 0.006 -17"><span class='ocrx_word' id='word_1_1' title='bbox 362 543 423 602; x_wconf 77' lang='lat'><strong>702</strong></span> <span class='ocrx_word' id='word_1_2' title='bbox 784 539 974 589; x_wconf 74' lang='lat' dir='ltr'><em>JOHANNJS</em></span> <span class='ocrx_word' id='word_1_3' title='bbox 998 538 1137 597; x_wconf 62' lang='lat' dir='ltr'><strong>chtllr&#39;,</strong></span> <span class='ocrx_word' id='word_1_4' title='bbox 1421 533 1490 602; x_wconf 71' lang='lat' dir='ltr'><strong>[cop.</strong></span> <span class='ocrx_word' id='word_1_5' title='bbox 1512 536 1562 584; x_wconf 80' lang='lat'><strong>111</strong></span> <span class='ocrx_word' id='word_1_6' title='bbox 1619 501 1620 532; x_wconf 23' lang='grc' dir='ltr'>ἶ</span> 
     </span>
    </p>
   </div>
   <div class='ocr_carea' id='block_1_2' title="bbox 191 711 1624 3264">
    <p class='ocr_par' dir='ltr' id='par_1_2' title="bbox 448 711 1558 794">
     <span class='ocr_line' id='line_1_2' title="bbox 448 711 1558 794; baseline -0.006 -18"><span class='ocrx_word' id='word_1_7' title='bbox 448 717 498 777; x_wconf 82' lang='lat' dir='ltr'><strong>Sic</strong></span> <span class='ocrx_word' id='word_1_8' title='bbox 522 716 602 776; x_wconf 92' lang='lat' dir='ltr'><strong>enim</strong></span> <span class='ocrx_word' id='word_1_9' title='bbox 626 715 865 793; x_wconf 73' lang='lat' dir='ltr'>nigromanticus</span> <span class='ocrx_word' id='word_1_10' title='bbox 887 725 988 794; x_wconf 89' lang='lat' dir='ltr'><strong>posset</strong></span> <span class='ocrx_word' id='word_1_11' title='bbox 1007 713 1137 774; x_wconf 84' lang='lat' dir='ltr'><strong>fundare</strong></span> <span class='ocrx_word' id='word_1_12' title='bbox 1156 713 1316 783; x_wconf 74' lang='lat' dir='ltr'><strong>fallaciter,</strong></span> <span class='ocrx_word' id='word_1_13' title='bbox 1341 711 1422 792; x_wconf 85' lang='lat' dir='ltr'><strong>quod</strong></span> <span class='ocrx_word' id='word_1_14' title='bbox 1446 711 1558 770; x_wconf 82' lang='lat' dir='ltr'><strong>cristia-</strong></span> 
     </span>
    </p>

    <p class='ocr_par' dir='ltr' id='par_1_3' title="bbox 362 815 1621 1004">
     <span class='ocr_line' id='line_1_3' title="bbox 362 815 1621 902; baseline -0.006 -21"><span class='ocrx_word' id='word_1_15' title='bbox 362 843 419 882; x_wconf 91' lang='lat' dir='ltr'><strong>nus</strong></span> <span class='ocrx_word' id='word_1_16' title='bbox 449 820 542 880; x_wconf 89' lang='lat' dir='ltr'><strong>debet</strong></span> <span class='ocrx_word' id='word_1_17' title='bbox 572 840 641 879; x_wconf 90' lang='lat' dir='ltr'><strong>oum</strong></span> <span class='ocrx_word' id='word_1_18' title='bbox 672 819 841 878; x_wconf 86' lang='lat' dir='ltr'><strong>iuramento</strong></span> <span class='ocrx_word' id='word_1_19' title='bbox 868 818 946 879; x_wconf 88' lang='lat' dir='ltr'><strong>falso</strong></span> <span class='ocrx_word' id='word_1_20' title='bbox 969 837 1081 897; x_wconf 86' lang='lat' dir='ltr'><strong>negare</strong></span> <span class='ocrx_word' id='word_1_21' title='bbox 1111 817 1269 878; x_wconf 90' lang='lat' dir='ltr'><strong>dominum</strong></span> <span class='ocrx_word' id='word_1_22' title='bbox 1291 816 1391 876; x_wconf 91' lang='lat' dir='ltr'><strong>lesum</strong></span> <span class='ocrx_word' id='word_1_23' title='bbox 1415 815 1555 875; x_wconf 81' lang='lat' dir='ltr'><strong>Cristum.</strong></span> <span class='ocrx_word' id='word_1_24' title='bbox 1620 816 1621 902; x_wconf 65' lang='lat' dir='ltr'><strong>l</strong></span> 
     </span>
     <span class='ocr_line' id='line_1_4' title="bbox 363 903 1621 1004; baseline -0.005 -20"><span class='ocrx_word' id='word_1_25' title='bbox 363 924 434 1004; x_wconf 87' lang='lat' dir='ltr'><strong>quia</strong></span> <span class='ocrx_word' id='word_1_26' title='bbox 449 923 557 983; x_wconf 92' lang='lat' dir='ltr'><strong>Petrus</strong></span> <span class='ocrx_word' id='word_1_27' title='bbox 580 923 622 981; x_wconf 91' lang='lat' dir='ltr'><strong>sic</strong></span> <span class='ocrx_word' id='word_1_28' title='bbox 645 922 783 994; x_wconf 82' lang='lat' dir='ltr'><strong>fecerat,c</strong></span> <span class='ocrx_word' id='word_1_29' title='bbox 805 922 856 1002; x_wconf 91' lang='lat' dir='ltr'><strong>qui</strong></span> <span class='ocrx_word' id='word_1_30' title='bbox 878 922 943 982; x_wconf 90' lang='lat' dir='ltr'><strong>istis</strong></span> <span class='ocrx_word' id='word_1_31' title='bbox 965 922 1078 982; x_wconf 90' lang='lat' dir='ltr'><strong>sanctis</strong></span> <span class='ocrx_word' id='word_1_32' title='bbox 1093 921 1291 1000; x_wconf 84' lang='lat' dir='ltr'><strong>propinquius</strong></span> <span class='ocrx_word' id='word_1_33' title='bbox 1313 928 1436 980; x_wconf 89' lang='lat' dir='ltr'><strong>secutus</strong></span> <span class='ocrx_word' id='word_1_34' title='bbox 1459 917 1555 979; x_wconf 78' lang='lat' dir='ltr'><strong>fuera</strong></span> <span class='ocrx_word' id='word_1_35' title='bbox 1620 903 1621 946; x_wconf 56' lang='lat'><strong>³</strong></span> 
     </span>
    </p>

    <p class='ocr_par' dir='ltr' id='par_1_4' title="bbox 191 1024 1624 2030">
     <span class='ocr_line' id='line_1_5' title="bbox 191 1024 1555 1105; baseline -0.004 -19"><span class='ocrx_word' id='word_1_36' title='bbox 191 1035 351 1086; x_wconf 55' lang='lat' dir='ltr'><strong>{Ausa-w</strong></span> <span class='ocrx_word' id='word_1_37' title='bbox 364 1027 556 1087; x_wconf 89' lang='lat' dir='ltr'><strong>salvatorem.</strong></span> <span class='ocrx_word' id='word_1_38' title='bbox 575 1034 586 1094; x_wconf 79' lang='grc'><strong>11</strong></span> <span class='ocrx_word' id='word_1_39' title='bbox 603 1025 663 1086; x_wconf 83' lang='lat' dir='ltr'><strong>Sed</strong></span> <span class='ocrx_word' id='word_1_40' title='bbox 688 1034 803 1084; x_wconf 88' lang='lat' dir='ltr'><strong>certum</strong></span> <span class='ocrx_word' id='word_1_41' title='bbox 827 1035 881 1096; x_wconf 91' lang='lat' dir='ltr'><strong>est,</strong></span> <span class='ocrx_word' id='word_1_42' title='bbox 905 1025 987 1105; x_wconf 92' lang='lat' dir='ltr'><strong>quod</strong></span> <span class='ocrx_word' id='word_1_43' title='bbox 1002 1046 1063 1085; x_wconf 91' lang='lat' dir='ltr'><strong>non</strong></span> <span class='ocrx_word' id='word_1_44' title='bbox 1084 1025 1116 1085; x_wconf 93' lang='lat' dir='ltr'><strong>in</strong></span> <span class='ocrx_word' id='word_1_45' title='bbox 1139 1024 1196 1084; x_wconf 92' lang='lat' dir='ltr'><strong>hoo</strong></span> <span class='ocrx_word' id='word_1_46' title='bbox 1217 1031 1338 1084; x_wconf 91' lang='lat' dir='ltr'><strong>secutus</strong></span> <span class='ocrx_word' id='word_1_47' title='bbox 1360 1024 1463 1083; x_wconf 86' lang='lat' dir='ltr'><strong>fuerat</strong></span> <span class='ocrx_word' id='word_1_48' title='bbox 1487 1024 1555 1081; x_wconf 85' lang='lat' dir='ltr'><strong>veri-</strong></span> 
     </span>
     <span class='ocr_line' id='line_1_6' title="bbox 364 1125 1622 1236; baseline -0.006 -46"><span class='ocrx_word' id='word_1_49' title='bbox 364 1139 467 1190; x_wconf 89' lang='lat' dir='ltr'><strong>tatem.</strong></span> <span class='ocrx_word' id='word_1_50' title='bbox 492 1167 532 1174; x_wconf 88' lang='lat'>—</span> <span class='ocrx_word' id='word_1_51' title='bbox 557 1127 598 1187; x_wconf 75' lang='lat' dir='ltr'><strong>Et</strong></span> <span class='ocrx_word' id='word_1_52' title='bbox 621 1127 727 1187; x_wconf 89' lang='lat' dir='ltr'><strong>eodem</strong></span> <span class='ocrx_word' id='word_1_53' title='bbox 751 1128 840 1188; x_wconf 88' lang='lat' dir='ltr'><strong>modo</strong></span> <span class='ocrx_word' id='word_1_54' title='bbox 864 1127 976 1188; x_wconf 87' lang='lat' dir='ltr'><strong>dicitur</strong></span> <span class='ocrx_word' id='word_1_55' title='bbox 998 1127 1036 1188; x_wconf 89' lang='lat' dir='ltr'><strong>de</strong></span> <span class='ocrx_word' id='word_1_56' title='bbox 1050 1126 1158 1198; x_wconf 87' lang='lat' dir='ltr'><strong>Paulo,</strong></span> <span class='ocrx_word' id='word_1_57' title='bbox 1182 1127 1232 1207; x_wconf 93' lang='lat' dir='ltr'><strong>qui</strong></span> <span class='ocrx_word' id='word_1_58' title='bbox 1251 1127 1409 1204; x_wconf 89' lang='lat' dir='ltr'><strong>profitetur</strong></span> <span class='ocrx_word' id='word_1_59' title='bbox 1431 1125 1554 1185; x_wconf 81' lang='lat' dir='ltr'><strong>ITimo.</strong></span> <span class='ocrx_word' id='word_1_60' title='bbox 1577 1141 1588 1182; x_wconf 77' lang='lat' dir='ltr'><strong>s</strong></span> <span class='ocrx_word' id='word_1_61' title='bbox 1621 1164 1622 1236; x_wconf 33' lang='lat' dir='ltr'><strong>p</strong></span> 
     </span>
     <span class='ocr_line' id='line_1_7' title="bbox 365 1227 1622 1313; baseline -0.005 -21"><span class='ocrx_word' id='word_1_62' title='bbox 365 1227 411 1305; x_wconf 57' lang='lat'><strong>15¹</strong></span> <span class='ocrx_word' id='word_1_63' title='bbox 433 1233 514 1313; x_wconf 92' lang='lat' dir='ltr'><strong>quod</strong></span> <span class='ocrx_word' id='word_1_64' title='bbox 542 1243 647 1291; x_wconf 79' lang='lat' dir='ltr'><strong>contra</strong></span> <span class='ocrx_word' id='word_1_65' title='bbox 675 1231 831 1291; x_wconf 90' lang='lat' dir='ltr'><strong>dominum</strong></span> <span class='ocrx_word' id='word_1_66' title='bbox 862 1230 1096 1310; x_wconf 81' lang='lat' dir='ltr'><strong>blasphemavit.</strong></span> <span class='ocrx_word' id='word_1_67' title='bbox 1141 1230 1190 1290; x_wconf 92' lang='lat' dir='ltr'><strong>De</strong></span> <span class='ocrx_word' id='word_1_68' title='bbox 1213 1229 1282 1290; x_wconf 87' lang='lat' dir='ltr'><strong>filiis</strong></span> <span class='ocrx_word' id='word_1_69' title='bbox 1304 1239 1406 1290; x_wconf 85' lang='lat' dir='ltr'><strong>autem</strong></span> <span class='ocrx_word' id='word_1_70' title='bbox 1429 1227 1554 1288; x_wconf 81' lang='lat' dir='ltr'><strong>Zebedei</strong></span> <span class='ocrx_word' id='word_1_71' title='bbox 1621 1241 1622 1304; x_wconf 68' lang='lat' dir='ltr'><strong>l</strong></span> 
     </span>
     <span class='ocr_line' id='line_1_8' title="bbox 364 1331 1554 1414; baseline -0.003 -20"><span class='ocrx_word' id='word_1_72' title='bbox 364 1344 450 1414; x_wconf 90' lang='lat' dir='ltr'><strong>patet</strong></span> <span class='ocrx_word' id='word_1_73' title='bbox 471 1334 664 1406; x_wconf 77' lang='lat' dir='ltr'><strong>ttatt11.20,⁶</strong></span> <span class='ocrx_word' id='word_1_74' title='bbox 687 1333 837 1413; x_wconf 90' lang='lat' dir='ltr'><strong>quomodo</strong></span> <span class='ocrx_word' id='word_1_75' title='bbox 859 1355 913 1412; x_wconf 90' lang='lat' dir='ltr'><strong>per</strong></span> <span class='ocrx_word' id='word_1_76' title='bbox 935 1343 1063 1395; x_wconf 90' lang='lat' dir='ltr'><strong>matrem</strong></span> <span class='ocrx_word' id='word_1_77' title='bbox 1086 1353 1173 1393; x_wconf 91' lang='lat' dir='ltr'><strong>suam</strong></span> <span class='ocrx_word' id='word_1_78' title='bbox 1195 1332 1359 1411; x_wconf 86' lang='lat' dir='ltr'><strong>primatum</strong></span> <span class='ocrx_word' id='word_1_79' title='bbox 1382 1331 1488 1393; x_wconf 79' lang='lat' dir='ltr'><strong>illicite</strong></span> <span class='ocrx_word' id='word_1_80' title='bbox 1511 1353 1554 1390; x_wconf 85' lang='lat' dir='ltr'><strong>cn·</strong></span> 
     </span>
     <span class='ocr_line' id='line_1_9' title="bbox 365 1435 1554 1518; baseline -0.004 -20"><span class='ocrx_word' id='word_1_81' title='bbox 365 1438 499 1518; x_wconf 86' lang='lat' dir='ltr'><strong>piabant.</strong></span> <span class='ocrx_word' id='word_1_82' title='bbox 523 1475 565 1482; x_wconf 87' lang='lat'><em>-</em></span> <span class='ocrx_word' id='word_1_83' title='bbox 588 1437 630 1496; x_wconf 83' lang='lat' dir='ltr'><strong>Et</strong></span> <span class='ocrx_word' id='word_1_84' title='bbox 652 1457 755 1497; x_wconf 89' lang='lat' dir='ltr'><strong>omnes</strong></span> <span class='ocrx_word' id='word_1_85' title='bbox 778 1437 827 1496; x_wconf 86' lang='lat' dir='ltr'><strong>isti</strong></span> <span class='ocrx_word' id='word_1_86' title='bbox 850 1435 979 1516; x_wconf 89' lang='lat' dir='ltr'><strong>apostoli</strong></span> <span class='ocrx_word' id='word_1_87' title='bbox 1011 1436 1097 1497; x_wconf 92' lang='lat' dir='ltr'><strong>nobis</strong></span> <span class='ocrx_word' id='word_1_88' title='bbox 1124 1435 1278 1514; x_wconf 82' lang='lat' dir='ltr'><strong>incognite</strong></span> <span class='ocrx_word' id='word_1_89' title='bbox 1306 1436 1380 1496; x_wconf 82' lang='lat' dir='ltr'><strong>istas</strong></span> <span class='ocrx_word' id='word_1_90' title='bbox 1407 1443 1469 1495; x_wconf 88' lang='lat' dir='ltr'><strong>tres</strong></span> <span class='ocrx_word' id='word_1_91' title='bbox 1496 1455 1554 1513; x_wconf 76' lang='lat' dir='ltr'><strong>per</strong></span> 
     </span>
     <span class='ocr_line' id='line_1_10' title="bbox 364 1537 1554 1618; baseline -0.004 -16"><span class='ocrx_word' id='word_1_92' title='bbox 364 1562 453 1602; x_wconf 88' lang='lat' dir='ltr'><strong>sonas</strong></span> <span class='ocrx_word' id='word_1_93' title='bbox 484 1549 516 1601; x_wconf 90' lang='lat' dir='ltr'><strong>et</strong></span> <span class='ocrx_word' id='word_1_94' title='bbox 546 1549 672 1600; x_wconf 88' lang='lat' dir='ltr'><strong>cunctos</strong></span> <span class='ocrx_word' id='word_1_95' title='bbox 699 1548 842 1618; x_wconf 89' lang='lat' dir='ltr'><strong>patronos</strong></span> <span class='ocrx_word' id='word_1_96' title='bbox 873 1540 1063 1601; x_wconf 89' lang='lat' dir='ltr'><strong>novellorum</strong></span> <span class='ocrx_word' id='word_1_97' title='bbox 1094 1539 1234 1600; x_wconf 83' lang='lat' dir='ltr'><strong>ordinum</strong></span> <span class='ocrx_word' id='word_1_98' title='bbox 1266 1537 1467 1600; x_wconf 75' lang='lat' dir='ltr'>excedebant.</span> <span class='ocrx_word' id='word_1_99' title='bbox 1511 1539 1554 1598; x_wconf 78' lang='lat' dir='ltr'><strong>De</strong></span> 
     </span>
     <span class='ocr_line' id='line_1_11' title="bbox 365 1641 1588 1723; baseline -0.003 -19"><span class='ocrx_word' id='word_1_100' title='bbox 365 1643 504 1704; x_wconf 83' lang='lat' dir='ltr'><strong>Scarioth</strong></span> <span class='ocrx_word' id='word_1_101' title='bbox 528 1653 629 1703; x_wconf 88' lang='lat' dir='ltr'><strong>autem</strong></span> <span class='ocrx_word' id='word_1_102' title='bbox 653 1652 739 1721; x_wconf 88' lang='lat' dir='ltr'><strong>patet</strong></span> <span class='ocrx_word' id='word_1_103' title='bbox 765 1665 803 1704; x_wconf 84' lang='lat' dir='ltr'><strong>ex</strong></span> <span class='ocrx_word' id='word_1_104' title='bbox 831 1643 1011 1723; x_wconf 78' lang='lat' dir='ltr'><strong>ewangelio,</strong></span> <span class='ocrx_word' id='word_1_105' title='bbox 1044 1642 1125 1723; x_wconf 89' lang='lat' dir='ltr'><strong>quod</strong></span> <span class='ocrx_word' id='word_1_106' title='bbox 1152 1652 1274 1703; x_wconf 89' lang='lat' dir='ltr'><strong>secutus</strong></span> <span class='ocrx_word' id='word_1_107' title='bbox 1305 1642 1406 1702; x_wconf 88' lang='lat' dir='ltr'><strong>fuerat</strong></span> <span class='ocrx_word' id='word_1_108' title='bbox 1427 1641 1588 1702; x_wconf 73' lang='lat' dir='ltr'><strong>Orisrumn</strong></span> 
     </span>
     <span class='ocr_line' id='line_1_12' title="bbox 364 1743 1555 1825; baseline -0.003 -18"><span class='ocrx_word' id='word_1_109' title='bbox 364 1748 483 1808; x_wconf 84' lang='lat' dir='ltr'><strong>incessu</strong></span> <span class='ocrx_word' id='word_1_110' title='bbox 504 1745 627 1824; x_wconf 91' lang='lat' dir='ltr'><strong>pedum,</strong></span> <span class='ocrx_word' id='word_1_111' title='bbox 655 1767 740 1824; x_wconf 89' lang='lat' dir='ltr'><strong>ymo,</strong></span> <span class='ocrx_word' id='word_1_112' title='bbox 764 1756 798 1807; x_wconf 92' lang='lat' dir='ltr'><strong>ut</strong></span> <span class='ocrx_word' id='word_1_113' title='bbox 820 1746 923 1807; x_wconf 89' lang='lat' dir='ltr'><strong>multis</strong></span> <span class='ocrx_word' id='word_1_114' title='bbox 945 1746 1060 1825; x_wconf 87' lang='lat' dir='ltr'><strong>placet,</strong></span> <span class='ocrx_word' id='word_1_115' title='bbox 1092 1743 1292 1824; x_wconf 79' lang='lat' dir='ltr'><strong>probabiliter</strong></span> <span class='ocrx_word' id='word_1_116' title='bbox 1313 1745 1353 1805; x_wconf 90' lang='lat' dir='ltr'><strong>ad</strong></span> <span class='ocrx_word' id='word_1_117' title='bbox 1376 1755 1494 1824; x_wconf 90' lang='lat' dir='ltr'><strong>tempus</strong></span> <span class='ocrx_word' id='word_1_118' title='bbox 1516 1765 1555 1803; x_wconf 80' lang='lat' dir='ltr'><strong>se</strong></span> 
     </span>
     <span class='ocr_line' id='line_1_13' title="bbox 365 1847 1624 1928; baseline -0.005 -18"><span class='ocrx_word' id='word_1_119' title='bbox 365 1849 498 1910; x_wconf 88' lang='lat' dir='ltr'><strong>cundum</strong></span> <span class='ocrx_word' id='word_1_120' title='bbox 521 1857 693 1928; x_wconf 79' lang='lat' dir='ltr'>presentem</span> <span class='ocrx_word' id='word_1_121' title='bbox 725 1849 875 1910; x_wconf 88' lang='lat' dir='ltr'><strong>iusticiam</strong></span> <span class='ocrx_word' id='word_1_122' title='bbox 903 1849 935 1908; x_wconf 92' lang='lat' dir='ltr'><strong>in</strong></span> <span class='ocrx_word' id='word_1_123' title='bbox 963 1848 1097 1909; x_wconf 91' lang='lat' dir='ltr'><strong>moribus</strong></span> <span class='ocrx_word' id='word_1_124' title='bbox 1123 1857 1245 1909; x_wconf 90' lang='lat' dir='ltr'><strong>secutus</strong></span> <span class='ocrx_word' id='word_1_125' title='bbox 1272 1847 1374 1909; x_wconf 81' lang='lat' dir='ltr'><strong>fuerat</strong></span> <span class='ocrx_word' id='word_1_126' title='bbox 1395 1847 1476 1908; x_wconf 93' lang='lat' dir='ltr'><strong>hunc</strong></span> <span class='ocrx_word' id='word_1_127' title='bbox 1497 1867 1553 1906; x_wconf 87' lang='lat' dir='ltr'><strong>ma·</strong></span> <span class='ocrx_word' id='word_1_128' title='bbox 1623 1870 1624 1884; x_wconf 55' lang='lat'>¹</span> 
     </span>
     <span class='ocr_line' id='line_1_14' title="bbox 365 1952 502 2030; baseline -0.007 -18"><span class='ocrx_word' id='word_1_129' title='bbox 365 1952 502 2030; x_wconf 78' lang='lat' dir='ltr'><strong>gistrum.</strong></span> 
     </span>
    </p>

    <p class='ocr_par' dir='ltr' id='par_1_5' title="bbox 366 2053 1587 2629">
     <span class='ocr_line' id='line_1_15' title="bbox 451 2053 1553 2134; baseline -0.002 -22"><span class='ocrx_word' id='word_1_130' title='bbox 451 2053 622 2114; x_wconf 86' lang='lat' dir='ltr'><strong>Erubescat</strong></span> <span class='ocrx_word' id='word_1_131' title='bbox 643 2055 737 2133; x_wconf 85' lang='lat' dir='ltr'><strong>igitur</strong></span> <span class='ocrx_word' id='word_1_132' title='bbox 758 2053 951 2134; x_wconf 87' lang='lat' dir='ltr'><strong>philocaptus</strong></span> <span class='ocrx_word' id='word_1_133' title='bbox 973 2075 1012 2115; x_wconf 84' lang='lat' dir='ltr'><strong>ex</strong></span> <span class='ocrx_word' id='word_1_134' title='bbox 1034 2053 1141 2115; x_wconf 90' lang='lat' dir='ltr'><strong>illicito</strong></span> <span class='ocrx_word' id='word_1_135' title='bbox 1164 2075 1266 2115; x_wconf 91' lang='lat' dir='ltr'><strong>amore</strong></span> <span class='ocrx_word' id='word_1_136' title='bbox 1284 2054 1498 2134; x_wconf 87' lang='lat' dir='ltr'><strong>temporalium</strong></span> <span class='ocrx_word' id='word_1_137' title='bbox 1520 2053 1553 2111; x_wconf 86' lang='lat' dir='ltr'><strong>de</strong></span> 
     </span>
     <span class='ocr_line' id='line_1_16' title="bbox 366 2156 1587 2238; baseline -0.002 -21"><span class='ocrx_word' id='word_1_138' title='bbox 366 2159 492 2236; x_wconf 84' lang='lat' dir='ltr'><strong>argucia</strong></span> <span class='ocrx_word' id='word_1_139' title='bbox 513 2158 572 2218; x_wconf 88' lang='lat' dir='ltr'><strong>ista</strong></span> <span class='ocrx_word' id='word_1_140' title='bbox 593 2158 828 2235; x_wconf 83' lang='lat' dir='ltr'><strong>nigromantica:</strong></span> <span class='ocrx_word' id='word_1_141' title='bbox 859 2178 951 2236; x_wconf 90' lang='lat' dir='ltr'><strong>pape,</strong></span> <span class='ocrx_word' id='word_1_142' title='bbox 976 2158 1110 2236; x_wconf 87' lang='lat' dir='ltr'><strong>episcopi</strong></span> <span class='ocrx_word' id='word_1_143' title='bbox 1133 2167 1164 2218; x_wconf 91' lang='lat' dir='ltr'><strong>et</strong></span> <span class='ocrx_word' id='word_1_144' title='bbox 1185 2156 1322 2230; x_wconf 86' lang='lat' dir='ltr'><strong>abbates,</strong></span> <span class='ocrx_word' id='word_1_145' title='bbox 1347 2157 1398 2238; x_wconf 91' lang='lat' dir='ltr'><strong>qui</strong></span> <span class='ocrx_word' id='word_1_146' title='bbox 1422 2167 1587 2236; x_wconf 80' lang='lat' dir='ltr'><strong>reputas-a·-</strong></span> 
     </span>
     <span class='ocr_line' id='line_1_17' title="bbox 366 2258 1555 2340; baseline -0.003 -20"><span class='ocrx_word' id='word_1_147' title='bbox 366 2269 416 2320; x_wconf 92' lang='lat' dir='ltr'><strong>tur</strong></span> <span class='ocrx_word' id='word_1_148' title='bbox 437 2261 549 2334; x_wconf 87' lang='lat' dir='ltr'><strong>sancti,</strong></span> <span class='ocrx_word' id='word_1_149' title='bbox 578 2260 622 2321; x_wconf 95' lang='lat' dir='ltr'><strong>sic</strong></span> <span class='ocrx_word' id='word_1_150' title='bbox 644 2260 790 2334; x_wconf 83' lang='lat' dir='ltr'><strong>fecerant,</strong></span> <span class='ocrx_word' id='word_1_151' title='bbox 813 2281 886 2340; x_wconf 87' lang='lat' dir='ltr'><strong>ergo</strong></span> <span class='ocrx_word' id='word_1_152' title='bbox 908 2261 1001 2334; x_wconf 88' lang='lat' dir='ltr'><strong>bene,</strong></span> <span class='ocrx_word' id='word_1_153' title='bbox 1034 2282 1104 2322; x_wconf 90' lang='lat' dir='ltr'><strong>cum</strong></span> <span class='ocrx_word' id='word_1_154' title='bbox 1126 2261 1165 2321; x_wconf 89' lang='lat' dir='ltr'><strong>de</strong></span> <span class='ocrx_word' id='word_1_155' title='bbox 1187 2261 1279 2322; x_wconf 85' lang='lat' dir='ltr'><strong>Petro</strong></span> <span class='ocrx_word' id='word_1_156' title='bbox 1302 2269 1334 2322; x_wconf 91' lang='lat' dir='ltr'><strong>et</strong></span> <span class='ocrx_word' id='word_1_157' title='bbox 1360 2260 1428 2321; x_wconf 89' lang='lat' dir='ltr'><strong>aliis</strong></span> <span class='ocrx_word' id='word_1_158' title='bbox 1450 2258 1555 2320; x_wconf 85' lang='lat' dir='ltr'><strong>sanctis</strong></span> 
     </span>
     <span class='ocr_line' id='line_1_18' title="bbox 367 2362 1553 2444; baseline -0.002 -22"><span class='ocrx_word' id='word_1_159' title='bbox 367 2384 427 2422; x_wconf 93' lang='lat' dir='ltr'><strong>non</strong></span> <span class='ocrx_word' id='word_1_160' title='bbox 459 2364 607 2444; x_wconf 88' lang='lat' dir='ltr'><strong>sequitur,</strong></span> <span class='ocrx_word' id='word_1_161' title='bbox 640 2385 714 2443; x_wconf 90' lang='lat' dir='ltr'><strong>quos</strong></span> <span class='ocrx_word' id='word_1_162' title='bbox 745 2371 849 2424; x_wconf 86' lang='lat' dir='ltr'><strong>tamen</strong></span> <span class='ocrx_word' id='word_1_163' title='bbox 880 2385 919 2424; x_wconf 87' lang='lat' dir='ltr'><strong>ex</strong></span> <span class='ocrx_word' id='word_1_164' title='bbox 950 2364 1008 2424; x_wconf 87' lang='lat' dir='ltr'><strong>fide</strong></span> <span class='ocrx_word' id='word_1_165' title='bbox 1030 2374 1170 2424; x_wconf 90' lang='lat' dir='ltr'><strong>tenemur</strong></span> <span class='ocrx_word' id='word_1_166' title='bbox 1197 2363 1321 2425; x_wconf 87' lang='lat' dir='ltr'><strong>credere</strong></span> <span class='ocrx_word' id='word_1_167' title='bbox 1343 2385 1425 2424; x_wconf 88' lang='lat' dir='ltr'><strong>nunc</strong></span> <span class='ocrx_word' id='word_1_168' title='bbox 1446 2362 1553 2423; x_wconf 84' lang='lat' dir='ltr'><strong>beatos.</strong></span> 
     </span>
     <span class='ocr_line' id='line_1_19' title="bbox 366 2464 1553 2547; baseline -0.001 -23"><span class='ocrx_word' id='word_1_169' title='bbox 366 2464 445 2526; x_wconf 89' lang='lat' dir='ltr'><strong>Istos</strong></span> <span class='ocrx_word' id='word_1_170' title='bbox 467 2476 570 2527; x_wconf 89' lang='lat' dir='ltr'><strong>autem</strong></span> <span class='ocrx_word' id='word_1_171' title='bbox 598 2467 739 2540; x_wconf 84' lang='lat' dir='ltr'><strong>credunt,</strong></span> <span class='ocrx_word' id='word_1_172' title='bbox 763 2467 815 2547; x_wconf 91' lang='lat' dir='ltr'><strong>qui</strong></span> <span class='ocrx_word' id='word_1_173' title='bbox 843 2467 1002 2540; x_wconf 88' lang='lat' dir='ltr'><strong>volueriut,</strong></span> <span class='ocrx_word' id='word_1_174' title='bbox 1032 2488 1097 2528; x_wconf 90' lang='lat' dir='ltr'><strong>esse</strong></span> <span class='ocrx_word' id='word_1_175' title='bbox 1123 2476 1244 2528; x_wconf 87' lang='lat' dir='ltr'><strong>sanctos</strong></span> <span class='ocrx_word' id='word_1_176' title='bbox 1266 2466 1434 2530; x_wconf 85' lang='lat' dir='ltr'><strong>evidenciis</strong></span> <span class='ocrx_word' id='word_1_177' title='bbox 1455 2466 1553 2545; x_wconf 82' lang='lat' dir='ltr'><strong>topicis</strong></span> 
     </span>
     <span class='ocr_line' id='line_1_20' title="bbox 367 2569 565 2629; baseline 0 -1"><span class='ocrx_word' id='word_1_178' title='bbox 367 2569 444 2628; x_wconf 90' lang='lat' dir='ltr'><strong>citra</strong></span> <span class='ocrx_word' id='word_1_179' title='bbox 465 2569 565 2629; x_wconf 86' lang='lat' dir='ltr'><strong>fidem.</strong></span> 
     </span>
    </p>

    <p class='ocr_par' dir='ltr' id='par_1_6' title="bbox 368 2671 1587 3264">
     <span class='ocr_line' id='line_1_21' title="bbox 453 2671 1587 2753; baseline 0 -22"><span class='ocrx_word' id='word_1_180' title='bbox 453 2671 527 2732; x_wconf 92' lang='lat' dir='ltr'><strong>Ideo</strong></span> <span class='ocrx_word' id='word_1_181' title='bbox 550 2680 643 2751; x_wconf 85' lang='lat' dir='ltr'><strong>patet,</strong></span> <span class='ocrx_word' id='word_1_182' title='bbox 668 2673 749 2753; x_wconf 90' lang='lat' dir='ltr'><strong>quod</strong></span> <span class='ocrx_word' id='word_1_183' title='bbox 770 2674 830 2732; x_wconf 86' lang='lat' dir='ltr'><strong>ista</strong></span> <span class='ocrx_word' id='word_1_184' title='bbox 851 2673 976 2750; x_wconf 83' lang='lat' dir='ltr'><strong>argucia</strong></span> <span class='ocrx_word' id='word_1_185' title='bbox 998 2673 1145 2734; x_wconf 84' lang='lat' dir='ltr'><strong>anticristi</strong></span> <span class='ocrx_word' id='word_1_186' title='bbox 1167 2673 1270 2734; x_wconf 87' lang='lat' dir='ltr'><strong>deficit</strong></span> <span class='ocrx_word' id='word_1_187' title='bbox 1291 2683 1355 2734; x_wconf 86' lang='lat' dir='ltr'><strong>tam</strong></span> <span class='ocrx_word' id='word_1_188' title='bbox 1384 2674 1416 2734; x_wconf 89' lang='lat' dir='ltr'><strong>in</strong></span> <span class='ocrx_word' id='word_1_189' title='bbox 1438 2672 1587 2733; x_wconf 67' lang='lat' dir='ltr'><strong>materian»</strong></span> 
     </span>
     <span class='ocr_line' id='line_1_22' title="bbox 368 2773 1555 2856; baseline 0.001 -23"><span class='ocrx_word' id='word_1_190' title='bbox 368 2795 460 2854; x_wconf 91' lang='lat' dir='ltr'><strong>quam</strong></span> <span class='ocrx_word' id='word_1_191' title='bbox 481 2775 513 2834; x_wconf 92' lang='lat' dir='ltr'><strong>in</strong></span> <span class='ocrx_word' id='word_1_192' title='bbox 536 2775 642 2835; x_wconf 87' lang='lat' dir='ltr'><strong>forma.</strong></span> <span class='ocrx_word' id='word_1_193' title='bbox 687 2774 724 2834; x_wconf 90' lang='lat' dir='ltr'><strong>In</strong></span> <span class='ocrx_word' id='word_1_194' title='bbox 747 2775 875 2836; x_wconf 85' lang='lat' dir='ltr'><strong>materia</strong></span> <span class='ocrx_word' id='word_1_195' title='bbox 901 2776 1038 2856; x_wconf 89' lang='lat' dir='ltr'><strong>quidem,</strong></span> <span class='ocrx_word' id='word_1_196' title='bbox 1071 2777 1142 2856; x_wconf 85' lang='lat' dir='ltr'><strong>quia</strong></span> <span class='ocrx_word' id='word_1_197' title='bbox 1164 2773 1277 2856; x_wconf 84' lang='lat' dir='ltr'><strong>accipit</strong></span> <span class='ocrx_word' id='word_1_198' title='bbox 1306 2777 1446 2856; x_wconf 79' lang='lat' dir='ltr'><strong>apocrifa</strong></span> <span class='ocrx_word' id='word_1_199' title='bbox 1471 2793 1555 2836; x_wconf 66' lang='lat' dir='ltr'><strong>svam</strong></span> 
     </span>
     <span class='ocr_line' id='line_1_23' title="bbox 369 2877 1553 2960; baseline -0.001 -24"><span class='ocrx_word' id='word_1_200' title='bbox 369 2896 407 2936; x_wconf 90' lang='lat' dir='ltr'><strong>ex</strong></span> <span class='ocrx_word' id='word_1_201' title='bbox 430 2877 594 2938; x_wconf 88' lang='lat' dir='ltr'><strong>evidenciis</strong></span> <span class='ocrx_word' id='word_1_202' title='bbox 616 2879 732 2939; x_wconf 90' lang='lat' dir='ltr'><strong>vocatis</strong></span> <span class='ocrx_word' id='word_1_203' title='bbox 755 2878 908 2939; x_wconf 89' lang='lat' dir='ltr'><strong>miraculis</strong></span> <span class='ocrx_word' id='word_1_204' title='bbox 930 2889 1087 2960; x_wconf 86' lang='lat' dir='ltr'><strong>tamquam</strong></span> <span class='ocrx_word' id='word_1_205' title='bbox 1109 2879 1215 2953; x_wconf 89' lang='lat' dir='ltr'><strong>fidem;</strong></span> <span class='ocrx_word' id='word_1_206' title='bbox 1240 2888 1271 2941; x_wconf 90' lang='lat' dir='ltr'><strong>et</strong></span> <span class='ocrx_word' id='word_1_207' title='bbox 1289 2880 1321 2939; x_wconf 93' lang='lat' dir='ltr'><strong>in</strong></span> <span class='ocrx_word' id='word_1_208' title='bbox 1340 2881 1441 2941; x_wconf 88' lang='lat' dir='ltr'><strong>forma</strong></span> <span class='ocrx_word' id='word_1_209' title='bbox 1455 2877 1553 2946; x_wconf 84' lang='lat' dir='ltr'><strong>deficit,</strong></span> 
     </span>
     <span class='ocr_line' id='line_1_24' title="bbox 368 2979 1553 3064; baseline -0.001 -25"><span class='ocrx_word' id='word_1_210' title='bbox 368 2979 440 3059; x_wconf 92' lang='lat' dir='ltr'><strong>quia</strong></span> <span class='ocrx_word' id='word_1_211' title='bbox 461 3000 522 3040; x_wconf 93' lang='lat' dir='ltr'><strong>non</strong></span> <span class='ocrx_word' id='word_1_212' title='bbox 546 2982 681 3042; x_wconf 86' lang='lat' dir='ltr'><strong>annectit</strong></span> <span class='ocrx_word' id='word_1_213' title='bbox 703 2982 836 3042; x_wconf 93' lang='lat' dir='ltr'><strong>medium</strong></span> <span class='ocrx_word' id='word_1_214' title='bbox 860 3003 916 3043; x_wconf 89' lang='lat' dir='ltr'><strong>nec</strong></span> <span class='ocrx_word' id='word_1_215' title='bbox 931 2991 1032 3061; x_wconf 87' lang='lat' dir='ltr'><strong>potest</strong></span> <span class='ocrx_word' id='word_1_216' title='bbox 1046 2982 1176 3062; x_wconf 87' lang='lat' dir='ltr'><strong>probare</strong></span> <span class='ocrx_word' id='word_1_217' title='bbox 1197 2983 1307 3062; x_wconf 89' lang='lat' dir='ltr'><strong>ipsum,</strong></span> <span class='ocrx_word' id='word_1_218' title='bbox 1324 3004 1381 3062; x_wconf 90' lang='lat' dir='ltr'><strong>per</strong></span> <span class='ocrx_word' id='word_1_219' title='bbox 1395 2983 1476 3064; x_wconf 92' lang='lat' dir='ltr'><strong>qnod</strong></span> <span class='ocrx_word' id='word_1_220' title='bbox 1496 3001 1553 3041; x_wconf 88' lang='lat' dir='ltr'><strong>con·</strong></span> 
     </span>
     <span class='ocr_line' id='line_1_25' title="bbox 369 3081 1554 3167; baseline 0.004 -25"><span class='ocrx_word' id='word_1_221' title='bbox 369 3081 464 3142; x_wconf 86' lang='lat' dir='ltr'><strong>clusio</strong></span> <span class='ocrx_word' id='word_1_222' title='bbox 486 3082 677 3161; x_wconf 90' lang='lat' dir='ltr'><strong>probaretur,</strong></span> <span class='ocrx_word' id='word_1_223' title='bbox 702 3085 818 3144; x_wconf 91' lang='lat' dir='ltr'><strong>scilicet</strong></span> <span class='ocrx_word' id='word_1_224' title='bbox 840 3086 920 3164; x_wconf 93' lang='lat' dir='ltr'><strong>quod</strong></span> <span class='ocrx_word' id='word_1_225' title='bbox 943 3085 1017 3146; x_wconf 90' lang='lat' dir='ltr'><strong>dicti</strong></span> <span class='ocrx_word' id='word_1_226' title='bbox 1039 3087 1137 3146; x_wconf 87' lang='lat' dir='ltr'><strong>sancti</strong></span> <span class='ocrx_word' id='word_1_227' title='bbox 1163 3086 1195 3146; x_wconf 90' lang='lat' dir='ltr'><strong>in</strong></span> <span class='ocrx_word' id='word_1_228' title='bbox 1210 3087 1282 3158; x_wconf 85' lang='lat' dir='ltr'><strong>hoc,</strong></span> <span class='ocrx_word' id='word_1_229' title='bbox 1307 3087 1391 3167; x_wconf 91' lang='lat' dir='ltr'><strong>quod</strong></span> <span class='ocrx_word' id='word_1_230' title='bbox 1413 3086 1554 3147; x_wconf 77' lang='lat' dir='ltr'><strong>inhiarunt</strong></span> 
     </span>
     <span class='ocr_line' id='line_1_26' title="bbox 369 3184 1584 3264; baseline 0.002 -20"><span class='ocrx_word' id='word_1_231' title='bbox 369 3184 409 3244; x_wconf 88' lang='lat' dir='ltr'><strong>ad</strong></span> <span class='ocrx_word' id='word_1_232' title='bbox 432 3187 620 3264; x_wconf 90' lang='lat' dir='ltr'><strong>temporalia,</strong></span> <span class='ocrx_word' id='word_1_233' title='bbox 644 3187 740 3248; x_wconf 90' lang='lat' dir='ltr'><strong>secuti</strong></span> <span class='ocrx_word' id='word_1_234' title='bbox 763 3186 886 3248; x_wconf 87' lang='lat' dir='ltr'><strong>fuerant</strong></span> <span class='ocrx_word' id='word_1_235' title='bbox 908 3188 1063 3249; x_wconf 91' lang='lat' dir='ltr'><strong>dominum</strong></span> <span class='ocrx_word' id='word_1_236' title='bbox 1086 3188 1188 3250; x_wconf 92' lang='lat' dir='ltr'><strong>Iesum</strong></span> <span class='ocrx_word' id='word_1_237' title='bbox 1212 3187 1356 3250; x_wconf 84' lang='lat' dir='ltr'><strong>Oristum.</strong></span> <span class='ocrx_word' id='word_1_238' title='bbox 1561 3201 1584 3246; x_wconf 67' lang='lat' dir='ltr'><strong>:a</strong></span> 
     </span>
    </p>
   </div>
   <div class='ocr_carea' id='block_1_3' title="bbox 884 3411 1048 3473">
    <p class='ocr_par' dir='ltr' id='par_1_7' title="bbox 884 3411 1048 3473">
     <span class='ocr_line' id='line_1_27' title="bbox 884 3411 1048 3473; baseline 0.012 -2"><span class='ocrx_word' id='word_1_239' title='bbox 884 3411 970 3473; x_wconf 80' lang='lat' dir='ltr'><strong><em>CAP.</em></strong></span> <span class='ocrx_word' id='word_1_240' title='bbox 993 3411 1048 3473; x_wconf 85' lang='lat' dir='ltr'><strong>IV.</strong></span> 
     </span>
    </p>
   </div>
   <div class='ocr_carea' id='block_1_4' title="bbox 369 3560 1579 4136">
    <p class='ocr_par' dir='ltr' id='par_1_8' title="bbox 369 3560 1579 4136">
     <span class='ocr_line' id='line_1_28' title="bbox 455 3560 1554 3649; baseline 0.002 -29"><span class='ocrx_word' id='word_1_241' title='bbox 455 3560 506 3620; x_wconf 84' lang='lat' dir='ltr'><strong>Ex</strong></span> <span class='ocrx_word' id='word_1_242' title='bbox 528 3561 593 3622; x_wconf 86' lang='lat' dir='ltr'><strong>istis</strong></span> <span class='ocrx_word' id='word_1_243' title='bbox 615 3573 701 3642; x_wconf 87' lang='lat' dir='ltr'><strong>patet</strong></span> <span class='ocrx_word' id='word_1_244' title='bbox 722 3563 791 3624; x_wconf 92' lang='lat' dir='ltr'><strong>luce</strong></span> <span class='ocrx_word' id='word_1_245' title='bbox 813 3565 924 3628; x_wconf 90' lang='lat' dir='ltr'><strong>clarius</strong></span> <span class='ocrx_word' id='word_1_246' title='bbox 946 3568 1135 3629; x_wconf 90' lang='lat' dir='ltr'><strong>intuentibus</strong></span> <span class='ocrx_word' id='word_1_247' title='bbox 1156 3569 1326 3640; x_wconf 83' lang='lat' dir='ltr'><strong>veritatem,</strong></span> <span class='ocrx_word' id='word_1_248' title='bbox 1350 3567 1499 3649; x_wconf 87' lang='lat' dir='ltr'><strong>quomodo</strong></span> <span class='ocrx_word' id='word_1_249' title='bbox 1518 3584 1554 3622; x_wconf 87' lang='lat' dir='ltr'><strong>ar·</strong></span> 
     </span>
     <span class='ocr_line' id='line_1_29' title="bbox 369 3663 1553 3751; baseline 0.003 -29"><span class='ocrx_word' id='word_1_250' title='bbox 369 3663 460 3741; x_wconf 80' lang='lat' dir='ltr'><strong>gneio</strong></span> <span class='ocrx_word' id='word_1_251' title='bbox 481 3665 540 3724; x_wconf 87' lang='lat' dir='ltr'><strong>ista</strong></span> <span class='ocrx_word' id='word_1_252' title='bbox 561 3665 784 3743; x_wconf 84' lang='lat' dir='ltr'><strong>nigromantica</strong></span> <span class='ocrx_word' id='word_1_253' title='bbox 805 3691 866 3730; x_wconf 95' lang='lat' dir='ltr'><strong>non</strong></span> <span class='ocrx_word' id='word_1_254' title='bbox 889 3671 1049 3731; x_wconf 84' lang='lat' dir='ltr'><strong>seduceret</strong></span> <span class='ocrx_word' id='word_1_255' title='bbox 1078 3671 1183 3733; x_wconf 90' lang='lat' dir='ltr'><strong>fideles</strong></span> <span class='ocrx_word' id='word_1_256' title='bbox 1210 3671 1329 3751; x_wconf 91' lang='lat' dir='ltr'><strong>aliquos</strong></span> <span class='ocrx_word' id='word_1_257' title='bbox 1357 3693 1412 3750; x_wconf 89' lang='lat' dir='ltr'><strong>per</strong></span> <span class='ocrx_word' id='word_1_258' title='bbox 1439 3687 1553 3731; x_wconf 88' lang='lat' dir='ltr'><strong>errorem</strong></span> 
     </span>
     <span class='ocr_line' id='line_1_30' title="bbox 369 3765 1551 3853; baseline 0.006 -28"><span class='ocrx_word' id='word_1_259' title='bbox 369 3765 446 3844; x_wconf 81' lang='lat' dir='ltr'><strong>legis</strong></span> <span class='ocrx_word' id='word_1_260' title='bbox 467 3766 583 3828; x_wconf 89' lang='lat' dir='ltr'><strong>domini</strong></span> <span class='ocrx_word' id='word_1_261' title='bbox 605 3769 645 3829; x_wconf 91' lang='lat' dir='ltr'><strong>ad</strong></span> <span class='ocrx_word' id='word_1_262' title='bbox 667 3771 866 3846; x_wconf 89' lang='lat' dir='ltr'><strong>credendum,</strong></span> <span class='ocrx_word' id='word_1_263' title='bbox 899 3773 980 3853; x_wconf 91' lang='lat' dir='ltr'><strong>quod</strong></span> <span class='ocrx_word' id='word_1_264' title='bbox 1011 3782 1073 3834; x_wconf 86' lang='lat' dir='ltr'><strong>stat</strong></span> <span class='ocrx_word' id='word_1_265' title='bbox 1103 3775 1250 3836; x_wconf 86' lang='lat' dir='ltr'><strong>camilla</strong></span> <span class='ocrx_word' id='word_1_266' title='bbox 1277 3774 1450 3835; x_wconf 88' lang='lat' dir='ltr'><strong>sacerdotes</strong></span> <span class='ocrx_word' id='word_1_267' title='bbox 1476 3767 1551 3832; x_wconf 72' lang='lat' dir='ltr'><strong>Cris-ti</strong></span> 
     </span>
     <span class='ocr_line' id='line_1_31' title="bbox 370 3868 1550 3938; baseline 0.006 -10"><span class='ocrx_word' id='word_1_268' title='bbox 370 3868 552 3931; x_wconf 88' lang='lat' dir='ltr'><strong>hereditarie</strong></span> <span class='ocrx_word' id='word_1_269' title='bbox 574 3871 616 3932; x_wconf 90' lang='lat' dir='ltr'><strong>sio</strong></span> <span class='ocrx_word' id='word_1_270' title='bbox 639 3873 738 3933; x_wconf 88' lang='lat' dir='ltr'><strong>ditari.</strong></span> <span class='ocrx_word' id='word_1_271' title='bbox 783 3874 857 3936; x_wconf 93' lang='lat' dir='ltr'><strong>Ideo</strong></span> <span class='ocrx_word' id='word_1_272' title='bbox 880 3884 975 3937; x_wconf 88' lang='lat' dir='ltr'><strong>restat</strong></span> <span class='ocrx_word' id='word_1_273' title='bbox 995 3877 1124 3938; x_wconf 88' lang='lat' dir='ltr'><strong>recitare</strong></span> <span class='ocrx_word' id='word_1_274' title='bbox 1145 3878 1333 3938; x_wconf 78' lang='lat' dir='ltr'><strong>secundam⁰</strong></span> <span class='ocrx_word' id='word_1_275' title='bbox 1355 3878 1494 3937; x_wconf 80' lang='lat' dir='ltr'><strong>irrlamem</strong></span> <span class='ocrx_word' id='word_1_276' title='bbox 1513 3891 1550 3930; x_wconf 73' lang='lat' dir='ltr'><strong>ar·</strong></span> 
     </span>
     <span class='ocr_line' id='line_1_32' title="bbox 370 3974 1579 4061; baseline 0.007 -30"><span class='ocrx_word' id='word_1_277' title='bbox 370 3974 501 4049; x_wconf 85' lang='lat' dir='ltr'><strong>guciam,</strong></span> <span class='ocrx_word' id='word_1_278' title='bbox 524 3994 578 4052; x_wconf 90' lang='lat' dir='ltr'><strong>per</strong></span> <span class='ocrx_word' id='word_1_279' title='bbox 600 3995 691 4054; x_wconf 86' lang='lat' dir='ltr'><strong>quarn</strong></span> <span class='ocrx_word' id='word_1_280' title='bbox 714 3979 815 4055; x_wconf 84' lang='lat' dir='ltr'><strong>arguit</strong></span> <span class='ocrx_word' id='word_1_281' title='bbox 836 3980 1017 4054; x_wconf 88' lang='lat' dir='ltr'><strong>anticristus,</strong></span> <span class='ocrx_word' id='word_1_282' title='bbox 1042 3981 1123 4061; x_wconf 92' lang='lat' dir='ltr'><strong>quod</strong></span> <span class='ocrx_word' id='word_1_283' title='bbox 1142 3981 1244 4042; x_wconf 90' lang='lat' dir='ltr'><strong>clerici</strong></span> <span class='ocrx_word' id='word_1_284' title='bbox 1260 3979 1353 4042; x_wconf 81' lang='lat' dir='ltr'><strong>Oristi</strong></span> <span class='ocrx_word' id='word_1_285' title='bbox 1377 3979 1472 4040; x_wconf 86' lang='lat' dir='ltr'><strong>taliter</strong></span> <span class='ocrx_word' id='word_1_286' title='bbox 1491 3984 1579 4034; x_wconf 69' lang='lat' dir='ltr'><strong>suntet</strong></span> 
     </span>
     <span class='ocr_line' id='line_1_33' title="bbox 371 4073 499 4136; baseline 0.023 -3"><span class='ocrx_word' id='word_1_287' title='bbox 371 4073 499 4136; x_wconf 87' lang='lat' dir='ltr'><strong>ditandi.</strong></span> 
     </span>
    </p>
   </div>
   <div class='ocr_carea' id='block_1_5' title="bbox 585 4233 1282 4390">
    <p class='ocr_par' dir='ltr' id='par_1_9' title="bbox 585 4233 1282 4390">
     <span class='ocr_line' id='line_1_34' title="bbox 585 4233 1282 4305; baseline 0.02 -28"><span class='ocrx_word' id='word_1_288' title='bbox 585 4233 911 4302; x_wconf 45' lang='lat' dir='ltr'><strong>mantuanensem</strong></span> <span class='ocrx_word' id='word_1_289' title='bbox 981 4234 1031 4288; x_wconf 74' lang='lat' dir='ltr'><strong>‘a</strong></span> <span class='ocrx_word' id='word_1_290' title='bbox 1047 4243 1077 4290; x_wconf 84' lang='lat'><strong>13</strong></span> <span class='ocrx_word' id='word_1_291' title='bbox 1148 4239 1282 4305; x_wconf 72' lang='lat' dir='ltr'><strong>&#39;o.20ffl</strong></span> 
     </span>
     <span class='ocr_line' id='line_1_35' title="bbox 587 4317 1173 4390; baseline 0.017 -26"><span class='ocrx_word' id='word_1_292' title='bbox 587 4317 663 4365; x_wconf 67' lang='lat' dir='ltr'><strong>off.</strong></span> <span class='ocrx_word' id='word_1_293' title='bbox 682 4319 732 4368; x_wconf 71' lang='lat'><strong>11&#39;.</strong></span> <span class='ocrx_word' id='word_1_294' title='bbox 762 4323 775 4346; x_wconf 81' lang='lat'>⁶</span> <span class='ocrx_word' id='word_1_295' title='bbox 793 4322 836 4386; x_wconf 78' lang='lat' dir='ltr'><strong>cp.</strong></span> <span class='ocrx_word' id='word_1_296' title='bbox 854 4321 928 4372; x_wconf 74' lang='lat' dir='ltr'><strong>abone</strong></span> <span class='ocrx_word' id='word_1_297' title='bbox 944 4340 999 4386; x_wconf 79' lang='lat' dir='ltr'><strong>cap.</strong></span> <span class='ocrx_word' id='word_1_298' title='bbox 1019 4324 1074 4373; x_wconf 91' lang='grc' dir='ltr'><strong>ΙΙΙ</strong></span> <span class='ocrx_word' id='word_1_299' title='bbox 1085 4343 1112 4390; x_wconf 86' lang='lat' dir='ltr'><strong>p.</strong></span> <span class='ocrx_word' id='word_1_300' title='bbox 1126 4330 1173 4376; x_wconf 81' lang='lat'><strong>701</strong></span> 
     </span>
    </p>
   </div>
   <div class='ocr_carea' id='block_1_6' title="bbox 0 0 1669 5134">
    <p class='ocr_par' dir='ltr' id='par_1_10' title="bbox 0 0 1669 5134">
     <span class='ocr_line' id='line_1_36' title="bbox 0 0 1669 5134; baseline 0 0"><span class='ocrx_word' id='word_1_301' title='bbox 0 0 1669 5134; x_wconf 95' lang='lat' dir='ltr'><strong> </strong></span> 
     </span>
    </p>
   </div>
  </div>
 </body>
</html>
