3304 5134
548 555 727 604 GENERAL
747 555 877 604 INDEX.

109 724 268 789 Exemplum
295 724 403 790 orologii
428 723 579 774 medullitus
603 741 689 791 prose·
714 743 716 759 ¹

144 801 235 843 cutum
253 801 293 842 est
311 793 345 844 ab
363 799 469 843 anctore
488 795 546 842 302.

109 863 248 912 Exercitus
261 862 466 928 exivitAngliam
477 862 504 912 in
514 861 635 912 Cruciata
648 865 688 912 19.

109 958 143 966 -
162 931 205 980 dei
224 937 250 980 et
267 930 374 994 dyaboli
390 939 595 996 compugnantes
614 932 671 981 329.

110 999 285 1049 Exhorbitant
295 1007 366 1048 secte
378 1015 395 1048 a
405 999 498 1065 regula
512 1000 634 1050 cristiana
647 1000 687 1050 37.

109 1069 190 1118 Exire
208 1067 312 1118 ordines
329 1071 371 1118 45.

111 1165 144 1173 -
163 1136 268 1186 ordines
285 1143 312 1186 et
323 1137 420 1186 intrare
433 1145 530 1186 sectam
543 1137 603 1186 Iesu
613 1137 688 1186 Gristi

144 1205 267 1271 compelli
297 1204 394 1256 debent
420 1221 530 1270 persone
560 1213 688 1255 sectarum

110 1343 232 1392 —eundo
254 1343 288 1392 ab
311 1358 365 1392 una
382 1349 454 1392 secta
475 1342 504 1391 in
524 1342 603 1392 aliam
621 1359 689 1393 com-

145 1412 257 1460 mittitur
274 1412 405 1476 apostasia
424 1413 481 1462 199.

109 1480 281 1529 Existimatio
299 1481 389 1546 iniqua
408 1481 465 1530 129.

108 1549 254 1598 Exonerari
272 1549 349 1598 sectis
366 1555 454 1614 posset
470 1563 580 1615 regnum
599 1550 657 1598 383.

110 1618 269 1682 Expectacio
287 1617 421 1667 conflictus
433 1616 590 1683 gloriosique
599 1618 688 1667 trium·

144 1685 189 1752 phi
207 1688 248 1736 55.

109 1754 251 1819 Expellere
263 1753 362 1804 debent
373 1769 454 1820 regna
466 1753 570 1804 ordines
579 1755 687 1804 fratrum

110 1890 234 1941 -llende
253 1898 314 1940 sunt
331 1897 402 1940 secte
416 1891 449 1940 ab
462 1890 572 1940 ecclesia
590 1893 649 1942 354.

109 1989 142 1997 -
162 1967 224 2010 sunt
241 1975 332 2010 omnes
348 1967 419 2008 secte
438 1961 554 2025 aregnis
572 1960 688 2010 fidelium

143 2037 232 2095 preter
249 2036 346 2078 sectam
364 2027 441 2077 Gristi
459 2029 516 2078 316.

108 2097 270 2163 Expendunt
288 2097 379 2147 iratres
392 2097 461 2146 bona
469 2111 614 2163 pauperum
626 2112 689 2162 ypo-

144 2167 234 2216 critice
252 2167 310 2215 254.

108 2263 141 2272 -
152 2241 224 2284 secte
232 2235 302 2283 bona
311 2249 455 2300 paupemm
465 2235 492 2283 iu
501 2233 620 2284 domibus
629 2234 687 2284 253.

109 2331 140 2340 -
161 2303 254 2353 fratres
272 2305 306 2354 40
324 2303 396 2353 milia
411 2303 534 2354 librarum
547 2302 580 2353 ‹le
592 2302 688 2368 Anglia

109 2443 234 2506 Expensa
250 2429 509 2505 superflua'iratrum
529 2442 585 2491 193.

109 2537 142 2546 -
161 2508 194 2560 de
213 2509 288 2558 bonis
306 2509 417 2558 ecclesie
437 2511 493 2560 193.

108 2578 284 2644 Experieucia
305 2577 382 2627 docet
406 2577 524 2628 homines
556 2585 582 2627 et
608 2591 688 2643 ange·

143 2647 241 2696 15576.

109 2717 245 2780 Expetunt
262 2721 332 2764 secte
351 2714 475 2764 ecclesias
494 2718 552 2766 196.

108 2783 249 2850 Expiracio
266 2789 349 2832 statim
366 2797 434 2849 pape
454 2783 511 2834 171.

107 2852 248 2918 Exposicio
265 2851 370 2917 spiritus
387 2852 470 2901 sancti
489 2853 529 2902 75.

107 2949 142 2959 -
161 2920 278 2970 heretica
295 2919 356 2970 fidei
374 2921 499 2986 scripture
518 2922 558 2971 74.

109 3017 141 3026 -
160 3005 253 3040 sensus
270 2989 356 3054 script.
374 3004 422 3054 per
444 2989 535 3040 fideles
553 2989 687 3054 experien-

143 3059 185 3108 cia
202 3057 292 3107 doctos
310 3058 350 3108 76.

106 3127 295 3192 Expostulacio
313 3126 411 3176 vocalis
428 3129 487 3176 344.

108 3195 245 3261 Expressit
262 3194 360 3245 Cristus
378 3195 489 3245 ecclesie
508 3195 616 3244 fratrum
634 3209 688 3244 sec-

108 3333 314 3398 Rrproprietarii
326 3332 419 3382 fratres
431 3348 459 3382 se
472 3347 528 3382 esse
538 3330 629 3382 dicunt
646 3333 687 3382 46.

107 3429 141 3440 -
167 3401 284 3466 religiosi
309 3408 371 3451 sunt
396 3400 530 3451 brachium
557 3401 688 3450 sinistrum

143 3470 270 3518 anticristi
289 3471 347 3520 324.

107 3539 211 3588 -taria
228 3539 336 3588 fratrum
354 3542 396 3589 94.

107 3607 282 3674 Expugnacio
303 3606 448 3658 infidelium
474 3621 527 3656 nou
549 3611 590 3656 est
610 3604 688 3655 docta

143 3690 159 3725 a
178 3675 262 3726 Gristo
281 3675 340 3726 271.

106 3746 263 3810 Expurgsre
280 3759 297 3793 a
307 3743 418 3794 terrenis
429 3742 614 3793 affeccionibns
630 3744 687 3793 147.

107 3839 140 3849 -
160 3827 177 3862 a
186 3813 260 3862 viciis
272 3818 370 3862 sectam
379 3811 456 3862 Oristi
465 3811 687 3877 pernecessarium

143 3889 183 3931 est
201 3881 260 3932 275.

107 3949 231 4016 —ganda
240 3948 438 4015 diligentissime
456 3948 524 3998 foret
531 3955 603 3998 secta
612 3946 688 3997 Cristi

107 4019 231 4154 -Zld'ae
249 4093 311 4136 sunt
328 4093 398 4166 seete
416 4086 475 4135 242.
566 4154 571 4164 Ι
713 4094 716 4166 1

107 4155 141 4206 ad
155 4153 305 4221 —gandam
314 4155 437 4221 Angham
455 4153 487 4203 de
500 4154 687 4205 5515555551-
713 4176 716 4231 ἶ

142 4223 197 4274 licit
214 4224 324 4273 fratmm
341 4223 480 4273 thesaurus
498 4224 556 4273 253.

107 4293 240 4360 Extirpari
258 4293 355 4342 debent
372 4292 488 4342 membra
503 4291 609 4355 dyaboli
627 4292 686 4342 464.

1258 563 1318 621 759

743 727 857 775 Extense
876 726 1015 776 offenditur
1031 727 1058 775 in
1075 728 1195 792 quintum
1213 728 1320 778 manda·

714 794 716 863 l
777 801 832 844 tum
849 794 939 844 tabule
957 794 1071 846 secunde
1091 797 1148 846 1⁴21.

742 863 832 912 Exteri
850 863 967 912 ordinem
986 863 1131 913 defendunt
1149 866 1207 916 333.

733 931 775 980 'ad
785 947 878 981 -eras
886 939 973 997 partes
985 932 1072 981 missio
1084 933 1195 997 pecunie
1207 934 1320 984 fructum

776 1000 873 1050 bonum
890 1017 943 1050 non
961 1000 1040 1050 babet
1055 1002 1113 1051 271.

742 1070 878 1118 Extinccio
896 1069 1046 1119 dileccionis
1064 1084 1111 1134 per
1128 1070 1221 1120 tratres
1239 1073 1281 1121 66.

742 1138 907 1188 Extollencia
925 1138 985 1188 lesu
1003 1138 1080 1188 Oristi
1098 1141 1156 1188 300.

745 1207 817 1256 -cie
835 1207 961 1257 anticristi
978 1209 1036 1256 557.

741 1275 851 1324 Extollit
862 1291 889 1324 se
901 1275 1030 1339 dyabolus
1041 1290 1119 1340 supra
1131 1275 1243 1326 Gristnm
1255 1277 1320 1342 6113

744 1413 830 1462 -itur
846 1413 995 1462 anticristus
1012 1427 1091 1478 supra
1109 1411 1221 1463 Cristum
1239 1415 1298 1465 457.

743 1507 774 1516 -
793 1481 941 1530 anticristus
959 1482 1000 1531 99.

741 1549 868 1599 Extranei
877 1565 909 1598 ex
919 1549 1118 1599 continuacione
1125 1558 1196 1600 secte
1203 1551 1321 1617 dampni·

775 1617 887 1667 ficantur
904 1619 962 1668 271.

741 1686 863 1736 Extrusio
886 1701 996 1751 persone
1023 1687 1100 1736 unius
1126 1687 1153 1736 in
1175 1688 1252 1738 sectis
1273 1704 1321 1754 per

775 1755 902 1820 reliquam
921 1755 963 1806 43.

741 1823 775 1872 ad
801 1823 959 1873 Eruendum
986 1829 1071 1873 sectas
1096 1823 1215 1874 laborare
1241 1823 1320 1875 debet

776 1892 821 1957 qui
838 1898 910 1941 amat
927 1892 1064 1942 ecclesiam
1083 1894 1124 1942 60.

741 1961 842 2010 Eversa
860 1968 899 2010 est
916 1961 1007 2027 religio
1025 1960 1103 2011 Oristi
1123 1963 1181 2011 335.

1013 2145 1045 2201 F.

741 2303 894 2352 Fabricacio
912 2303 1043 2369 glosatum
1061 2319 1108 2369 per
1125 2303 1217 2354 frames
1235 2305 1276 2354 45.

741 2371 844 2422 Fabule
862 2371 895 2421 de
913 2372 1063 2438 purgatorio
1082 2373 1140 2423 148.

742 2467 775 2475 -
793 2440 826 2490 de
844 2441 993 2507 purgatorio
1012 2440 1154 2490 deridende
1172 2443 1307 2492 5551148.

742 2535 773 2544 -
793 2509 907 2574 apocrife
925 2508 959 2559 de
977 2511 1072 2559 sanctis
1090 2516 1219 2560 sectarum
1238 2513 1296 2561 304.

743 2603 775 2612 -
793 2577 826 2627 de
844 2577 958 2628 cultellis
975 2578 1125 2628 carnificum
1143 2581 1202 2629 631.

743 2645 815 2694 —las
833 2645 973 2696 mendaces
990 2655 1060 2696 secte
1079 2646 1180 2696 addunt
1199 2649 1255 2697 189.

741 2714 884 2764 secuudum
911 2742 943 2751 —
971 2716 1070 2784 rixosas
1096 2714 1222 2781 populum
1248 2723 1320 2766 secte

778 2783 926 2833 allocuntur
944 2785 984 2832 52.

740 2851 840 2901 Facere
862 2853 1008 2916 oppositum
1031 2851 1101 2918 quod
1120 2851 1226 2902 mandat
1243 2867 1320 2918 supe-

777 2921 828 2970 rior
845 2921 903 2970 299.

740 2989 851 3038 Facesia
869 2989 945 3038 Cristi
964 2988 1005 3040 78.

739 3057 890 3108 Facilitarit
908 3057 1045 3108 ecclesiam
1064 3055 1160 3107 Oristus
1178 3057 1237 3109 262.

740 3125 854 3176 Facinus
872 3141 999 3192 paparum
1017 3127 1075 3176 676.

740 3195 824 3243 Facta
852 3195 929 3244 unius
958 3209 1068 3260 persone
1097 3201 1168 3245 secte
1195 3195 1321 3245 attributa

775 3263 823 3312 toti
840 3264 924 3313 ordini
942 3264 1001 3313 224.

741 3359 774 3367 -
793 3332 901 3382 bouum
920 3332 978 3397 plus
990 3332 1084 3382 docent
1096 3332 1182 3382 verbis
1194 3333 1248 3382 suis
1260 3333 1318 3382 482.

742 3407 831 3450 -tum
840 3401 1067 3467 pseudopapamm
1080 3417 1143 3450 uum
1152 3400 1251 3450 licitum
1260 3401 1320 3451 464.

741 3469 859 3519 Fallacia
877 3469 982 3534 dyaboli
1000 3471 1058 3520 250.

740 3564 774 3574 -
792 3539 879 3588 media
896 3539 1004 3588 fratmm
1022 3539 1080 3588 353.

740 3606 820 3657 Falsa
838 3608 925 3673 opinio
942 3606 976 3656 de
993 3607 1091 3656 minore
1103 3621 1192 3656 amore
1204 3605 1319 3656 cristiani

776 3690 839 3742 erga
857 3676 935 3726 ‹leum
955 3676 1012 3726 125.

742 3769 773 3778 -
793 3743 901 3794 dileccio
919 3751 1048 3794 sectarum
1066 3744 1107 3794 66.

741 3838 773 3848 -
791 3814 872 3863 verba
890 3812 966 3862 Gristi
983 3811 1127 3860 secundum
1146 3811 1238 3860 fratres
1256 3810 1297 3860 69.

741 3906 774 3917 -
783 3887 844 3930 sunt
852 3880 995 3931 seeundum
1004 3879 1097 3929 fratres
1107 3877 1270 3929 verbaCristi
1276 3881 1317 3930 69.

742 3976 774 3984 —
793 3956 819 3998 et
836 3948 936 3998 ludicra
953 3948 1047 3998 fratres
1065 3947 1201 4014 predicant
1213 3953 1321 4012 propter

775 4023 896 4082 questum
915 4017 955 4066 72.

741 4111 774 4121 -
791 4085 865 4135 ficcio
883 4093 1051 4152 patronorum
1069 4085 1110 4135 24.

740 4169 802 4204 —se
820 4153 881 4204 ficta
898 4153 1022 4220 suffragia
1042 4155 1097 4204 149.

741 4248 773 4326 Ξ
791 4222 995 4342 5151515
1003 4223 1121 4340 iffi
1130 4223 1182 4340 311
