3286 5134
66 574 135 620 cap.
155 553 191 622 V]
227 557 282 606 DE
299 557 458 606 semro
475 555 527 606 nl·
542 555 614 606 SUO
632 556 878 606 ADVERSARIO
896 557 1156 607 ANTIOHRISPO.
1218 563 1280 622 663

606 765 692 824 ΟΑΡ.
724 765 755 824 V.

166 935 287 997 Relicta
316 935 377 995 ists
407 932 562 996 abstracte
593 935 720 996 materis
749 944 845 996 restet
874 935 1063 1013 tangendum
1088 938 1220 1016 grossius
1242 935 1281 996 de

68 1039 214 1100 sensibili
237 1037 367 1100 ecclesie
388 1038 547 1099 militante.

165 1141 208 1202 Et
229 1141 403 1220 incipiendo
426 1141 569 1202 aradios
591 1139 825 1220 supponendum
847 1149 892 1202 est
910 1149 946 1201 ut
959 1141 1043 1214 fides,
1067 1141 1148 1222 quod
1164 1140 1281 1203 Cristus

68 1247 114 1306 sit
138 1255 235 1325 caput
255 1243 337 1304 illius
360 1243 500 1316 ecclesie,
525 1252 559 1303 ut
579 1249 671 1323 sepe“
693 1242 767 1304 dicit
788 1243 953 1322 spostolus.

40 1369 56 1414 5
165 1347 229 1410 Sed
260 1347 299 1408 de
330 1346 463 1427 primatu
492 1345 700 1426 apostolorum
731 1355 776 1406 est
807 1345 890 1425 epud
916 1343 1096 1408 modemos¹
1124 1346 1279 1408 dissensio.

68 1452 182 1512 Primo
203 1449 372 1511 videndum
395 1457 453 1522 est,
487 1459 588 1510 utrum
610 1447 733 1510 fundari
755 1459 857 1528 posset
877 1450 910 1510 in
931 1449 991 1510 fide
1013 1450 1175 1529 scripture,
1199 1449 1280 1530 quod

68 1555 189 1616 Petrus
210 1553 270 1614 fuit
292 1561 385 1631 ceput
406 1546 560 1613 ecclesie.²
601 1550 644 1611 Et
664 1551 786 1613 videtur
807 1552 889 1632 quod
911 1573 980 1625 non,
1005 1553 1077 1632 quis
1099 1552 1137 1613 de
1158 1553 1281 1614 racione

69 1657 188 1736 cepitis
210 1652 285 1729 est,³
316 1655 454 1716 conferre
475 1653 616 1715 omnibus
638 1653 782 1715 membris
803 1655 849 1716 sui
871 1656 1003 1734 eorporis
1025 1664 1141 1715 motum
1163 1664 1194 1716 et
1214 1675 1280 1716 sen·

68 1780 154 1820 sum.
193 1757 257 1820 Sed
270 1757 379 1820 Petrus
401 1777 458 1818 nec
481 1756 610 1818 contulit
630 1775 687 1817 nec
710 1757 846 1818 conferre
868 1758 967 1836 potuit
984 1755 1123 1818 omnibus
1137 1755 1281 1818 membris

25 1862 214 1942 incorporis
236 1879 290 1922 sue
312 1859 439 1921 ecclesis
461 1867 577 1920 motum
599 1868 630 1921 et
651 1880 774 1921 sensum
796 1860 837 1921 ad
858 1860 1054 1939 propositum,
1077 1879 1149 1937 ergo
1171 1858 1280 1921 Petrus

69 1985 138 2026 non
170 1964 230 2024 fuit
260 1973 355 2042 ceput
384 1983 438 2024 sue
470 1962 606 2024 ecclesie.
652 1961 765 2024 Sensus
797 1963 877 2024 enim
903 1983 964 2022 non
986 1971 1033 2023 est
1054 1962 1208 2043 pertinens
1230 1963 1280 2023 isti

70 2067 234 2148 proposito
256 2065 314 2126 nisi
335 2065 490 2144 sapiencie
510 2066 588 2144 legis
611 2065 725 2126 domini
740 2065 780 2126 sd
795 2065 950 2126 viandum.
980 2064 1023 2126 Et
1036 2065 1123 2126 illum
1139 2061 1280 2127 sensum‘

70 2169 214 2232 servavit
243 2169 318 2230 deus
349 2177 384 2228 ut
410 2167 468 2228 sibi
490 2168 657 2248 proprium,
689 2166 762 2228 licet
783 2168 942 2230 occasione
964 2169 1120 2230 doctorum
1144 2167 1280 2229 fidelium

71 2275 176 2335 eciem
200 2267 343 2333 cuilibet⁶
365 2280 504 2332 creature
526 2271 621 2350 possit
643 2271 718 2332 deus
740 2271 908 2332 doctrinam
928 2291 1014 2332 susm
1029 2270 1210 2351 imprimere.
1238 2269 1281 2330 Et

32 2386 230 2458 loquentum
261 2374 301 2435 sd
328 2383 459 2446 motum,
491 2381 589 2452 petet,
622 2373 704 2454 quod
725 2393 787 2435 non
809 2383 855 2434 est
875 2373 1029 2452 pertinens
1051 2373 1109 2434 nisi
1131 2373 1280 2434 exeitscio

70 2478 220 2559 potencie
241 2473 387 2538 volitive⁶
409 2477 450 2538 ed
471 2475 665 2538 serviendum
687 2476 745 2538 deo
760 2476 940 2549 voluntsrie
965 2475 1046 2557 quod
1060 2485 1107 2536 est
1124 2476 1280 2555 proprium

73 2583 144 2654 dec,
176 2580 228 2661 qui
250 2588 384 2640 mentem
410 2578 576 2643 humanum
599 2574 760 2640 illabitur.⁷
803 2577 842 2638 In
864 2579 949 2639 ouius
972 2579 1091 2658 signum
1114 2577 1280 2658 spostolus,

71 2686 128 2765 qui
159 2683 221 2744 fuit
246 2702 301 2744 ves
332 2682 493 2744 eleccionis
523 2682 658 2743 thesauri
680 2681 781 2742 divine
808 2682 960 2760 sapiencie
983 2682 1177 2753 consumtus,
1210 2699 1281 2759 sepe

72 2795 171 2848 voest
185 2783 319 2846 Cristum
338 2792 433 2864 ceput
454 2784 591 2858 ecclesie,
616 2795 647 2845 et
668 2803 834 2865 numquam
856 2785 888 2844 in
909 2784 969 2844 fide
991 2783 1140 2861 scripture
1155 2791 1283 2844 vocetur

33 2899 175 2971 teceput
197 2887 325 2949 ecclesie
347 2886 457 2967 aliquis
480 2887 649 2948 cristianus.

163 2990 209 3052 Et
239 2999 386 3070 quantum
417 2990 458 3050 ud
484 2990 543 3050 tris
566 2990 689 3050 nomine
710 2988 808 3061 Petri,
840 2997 927 3069 putet
948 2987 1114 3050 secundum
1136 2989 1282 3067 interpro-

253 3251 278 3294 te
296 3261 342 3294 our
358 3261 407 3310 eye.
434 3243 519 3292 Nudt'r
537 3244 587 3292 and
599 3245 684 3292 bnis
707 3259 751 3291 ure
768 3244 816 3292 ‘lle
829 3242 901 3306 poles
918 3244 951 3307 os
964 3244 1003 3290 the
1020 3241 1194 3306 fundamental
1207 3241 1283 3305 plain

253 3332 286 3395 of
298 3333 338 3380 the
354 3331 478 3387 horizou'5
496 3331 552 3393 they
569 3345 624 3386 ore,
642 3329 773 3392 mesore,
790 3344 819 3377 ar
836 3330 858 3376 is
875 3329 957 3377 clem
974 3329 1004 3392 by
1021 3332 1194 3384 armosomm,
1211 3343 1281 3392 every

252 3418 331 3465 solere
347 3433 364 3464 a
381 3415 584 3480 quadriremis.
605 3418 637 3464 90
654 3415 771 3478 demere)
788 3414 883 3462 distem
899 3414 966 3477 from
983 3415 1023 3462 {lte
1040 3413 1124 3463 latter.

296 3502 373 3550 cAP.
396 3500 425 3549 1⁷.
460 3503 472 3528 ⁶
491 3501 534 3563 Cp.
553 3500 619 3563 mpla.
639 3506 662 3556 l,
679 3503 712 3549 ‘22
724 3499 769 3565 ff.,·
788 3497 842 3547 also
860 3499 934 3548 choos
951 3515 1006 3564 cop.
1027 3499 1046 3547 Ι
1056 3515 1084 3563 p.
1103 3503 1153 3550 656

78 3642 219 3652 ae—-——--
235 3641 393 3646 ------——
413 3641 418 3645 -

75 3728 122 3775 bet
139 3720 263 3775 nedirA⁴
278 3726 305 3772 is
321 3740 384 3773 mer.
420 3723 447 3772 in
464 3719 564 3770 nsdsor
580 3721 609 3782 (l
626 3719 735 3783 nudoer)
754 3720 816 3769 etB
859 3718 960 3769 invadit
976 3721 1035 3769 etc
1068 3718 1169 3770 insedit
1186 3717 1282 3769 delicta

75 3813 129 3862 iste
146 3811 278 3860 abstracte
294 3809 404 3860 materie
420 3813 502 3858 restat
518 3808 571 3869 (cr.
584 3804 733 3869 caldred.)
750 3805 778 3854 in
794 3804 870 3855 nsdir
887 3806 957 3862 etD,
975 3805 1158 3869 acerrimos
1174 3807 1225 3854 isto
1243 3807 1282 3854 rte

75 3913 163 3960 «crouy
180 3896 238 3957 lise,
255 3897 333 3944 which
350 3895 431 3958 begins
448 3909 504 3957 cap.
527 3892 555 3954 V,
574 3893 617 3941 but
633 3909 671 3955 sp.
688 3891 793 3942 delicte

150 3983 227 4032 cAP.
250 3981 280 4030 V.
317 3977 326 4008 ¹
345 3987 384 4030 est
402 3995 443 4045 ap.
462 3977 594 4028 mod.AB
628 3991 669 4042 ep.
688 3976 755 4028 mod.
769 3982 816 4026 est.
827 3976 873 4025 01)
924 3973 1017 4026 'inD
1035 3978 1057 4025 is
1074 3977 1133 4024 add.
1151 3976 1225 4025 below
1242 3979 1282 4025 the

75 4070 140 4118 ool:
158 4068 253 4117 Petrus
270 4073 358 4116 utrm
370 4065 419 4116 fuit
430 4071 510 4130 ceput
521 4063 631 4113 ecclesie
641 4059 679 4112 12²
741 4058 753 4089 ⁸
770 4064 796 4110 iu
810 4065 834 4110 A
852 4065 874 4111 ir
890 4063 949 4112 add.
968 4064 994 4111 in
1010 4077 1088 4111 mur„-
1107 4059 1205 4125 Capitis
1222 4077 1281 4111 con-

75 4154 146 4206 dicio
156 4150 193 4201 A‘
263 4148 366 4201 ‘illum
377 4165 483 4201 sensum
494 4149 566 4198 BOD
600 4147 665 4197 illud
677 4147 856 4198 secundumA
868 4149 914 4210 (l)
970 4144 1106 4196 ⁶euilibst
1116 4147 1161 4195 OD
1197 4146 1281 4196 ouius-

75 4240 205 4290 libetAB
284 4233 295 4266 ⁸
312 4235 420 4286 volitive
430 4238 505 4285 Asc
537 4235 669 4284 volentem
679 4234 706 4282 D
781 4229 791 4260 ⁷
808 4233 925 4283 illabitur
934 4230 1053 4296 AOD,B¹
1070 4248 1141 4297 away
1158 4233 1224 4296 from
1242 4234 1282 4281 tte

76 4326 136 4382 lise,
153 4326 179 4373 iu
196 4341 260 4374 mor.
296 4338 342 4373 om.
353 4323 379 4370 B
