3260 5136
104 586 152 632 cop.
170 565 216 634 ΙΙ]
431 571 486 618 DE
501 570 720 620 RELIGIONE
736 571 897 620 PEIVATA
916 570 957 619 ΙΙ.
1228 575 1288 634 527

180 741 211 802 Si
241 763 312 820 ergo
345 741 414 802 talis
435 741 622 803 fratrifactor
643 743 736 805 debet
757 763 821 804 esse
843 743 949 803 turdus
971 742 1011 802 ad
1034 741 1228 822 loquendum,
1262 753 1293 803 et

101 847 129 905 in
148 847 210 918 isto,
234 844 316 925 quod
338 853 384 905 est
405 845 553 924 scripture
575 865 659 906 sacre
682 847 845 918 sentencia,
877 845 973 906 multo
1002 845 1099 924 magis
1121 845 1153 905 in
1174 845 1292 925 pericu-

101 943 190 1008 loso²⁸
211 947 303 1008 debet
326 947 480 1008 consultor
501 968 614 1027 ponere
638 949 806 1010 custodiam
823 949 866 1010 ori
882 969 945 1021 suc,
969 969 1070 1027 quam,
1093 969 1176 1028 rogo,
1201 969 1291 1010 excu-

101 1051 243 1112 sacionem
274 1048 401 1110 haberet
430 1050 463 1110 in
494 1050 543 1110 die
564 1051 667 1112 iudicii
690 1051 728 1112 de
751 1050 934 1130 dampnato?
979 1049 1097 1112 Crietus
1118 1052 1207 1124 enim,
1240 1052 1292 1112 eli-

80 1159 167 1231 tgens
197 1151 345 1224 Scarioth,
379 1152 463 1213 dedit
494 1151 550 1212 sibi
581 1154 716 1232 graciam
748 1154 914 1215 secundum
937 1163 1108 1232 presentem
1129 1154 1289 1229 iusticiam,

100 1265 126 1316 et
137 1255 196 1328 ille,
207 1256 366 1316 occasione
381 1249 495 1316 male²⁹
511 1265 648 1336 accepta,
658 1275 697 1316 ex
713 1256 835 1317 malicia
850 1257 973 1336 propria
988 1265 1034 1318 est
1048 1257 1171 1335 gravius
1186 1257 1292 1338 demp-

100 1371 189 1418 natus.
235 1357 298 1418 Sed
319 1357 396 1418 tales
419 1357 572 1418 consilarii
594 1359 638 1420 sic
660 1379 723 1419 non
744 1369 878 1440 possunt.
940 1437 944 1448 Ι

176 1460 251 1521 Ideo
283 1471 394 1521 cavent
423 1461 588 1540 prudentes
619 1460 652 1520 in
682 1462 748 1536 hiis,
781 1483 839 1543 que
871 1471 1059 1523 concernunt
1080 1461 1210 1523 salutem
1241 1463 1291 1524 vel

99 1563 343 1642 dampnacionem
366 1563 474 1636 anime,
499 1563 573 1624 dare
595 1564 762 1625 consilium.

619 1787 705 1847 GAP.
729 1787 768 1847 ΙΙ.

65 1969 89 2011 Μ
174 1957 224 2017 Ex
249 1957 314 2018 istis
336 1957 464 2030 videtur,
493 1948 574 2038 quod
596 1958 684 2018 multi
707 1969 852 2036 augentes
879 1956 1039 2036 religiones
1065 1957 1294 2037 privatassunt

96 2061 124 2119 in
151 2060 207 2122 hoc
234 2069 447 2140 procuratores
469 2059 595 2140 dyaboli
617 2071 647 2121 et
669 2061 715 2122 eui
737 2061 867 2140 proximi
887 2060 1070 2122 seductores.
1116 2058 1292 2121 Communis

96 2173 189 2224 autern
213 2163 359 2224 cristiana
380 2162 487 2240 religio
510 2173 557 2224 est
578 2164 706 2236 cercior,
734 2164 840 2225 melior
862 2172 894 2224 et
915 2163 1009 2224 levior
1031 2183 1123 2242 quam
1145 2163 1292 2242 privats.‘²

97 2265 161 2340 Qua
191 2285 266 2344 ergo
297 2263 396 2326 fronte
428 2265 616 2326 consiliarius
647 2266 795 2327 anticristi
826 2264 997 2327 consuleret
1018 2265 1057 2326 ad
1084 2266 1290 2344 periculosius,

96 2369 211 2444 gravius
234 2377 268 2429 et
289 2367 510 2447 imperfeccius,
535 2366 626 2429 Cristi
648 2367 773 2430 consilio
794 2368 1004 2447 pretermisso?

66 2483 88 2526 tt
175 2470 270 2533 Unde
301 2470 425 2550 quidam
457 2470 632 2532 describunt
663 2471 839 2550 religionem
870 2471 1044 2532 cristianam
1076 2467 1291 2544 communem,¹

97 2575 171 2653 quod
193 2585 240 2634 est
263 2573 327 2646 illa,
361 2593 452 2652 quam
475 2574 611 2653 precepit
633 2572 758 2648 Cristus,
791 2575 876 2635 cuius
903 2574 1044 2653 proxima
1065 2573 1172 2652 regula
1194 2584 1240 2635 est
1260 2574 1292 2634 in

97 2696 144 2736 suo
174 2675 344 2754 ewangelio
371 2685 556 2754 expressata,
588 2687 623 2738 ut
645 2678 677 2738 in
698 2677 752 2739 illo
774 2676 851 2738 Luc.
877 2670 968 2736 12³⁶:
1001 2673 1065 2738 sint
1081 2675 1178 2736 lumbi
1200 2677 1293 2736 vestri

95 2780 245 2858 precincti,
279 2777 432 2856 obligatur
462 2778 590 2857 quilibet
620 2780 779 2840 cristianus
805 2779 847 2840 ad
877 2779 1106 2840 observanciam
1138 2779 1294 2840 castitatis.

95 2880 206 2942 Cristus
229 2881 311 2941 enirn
334 2901 418 2942 more
439 2901 494 2940 sno
517 2881 571 2942 dat
592 2881 738 2961 apostolis
755 2883 816 2942 suis
831 2883 983 2960 singulare
1000 2881 1191 2961 principium,
1215 2881 1296 2961 quod

61 2984 227 3045 inaltasse
249 2982 459 3044 immediatum
482 2983 618 3061 regulam
643 2984 704 3045 suis
725 2984 866 3046 fidelibus
888 2995 1114 3065 consequenter.

174 3085 237 3147 Sed
270 3085 416 3165 quidam
449 3086 615 3146 dominus
643 3084 804 3148 describit³
827 3107 1017 3148 communem
1039 3087 1217 3165 religionem
1239 3087 1296 3146 cri-

95 3189 229 3262 stianam,
246 3187 329 3268 quod
345 3199 391 3248 est
405 3187 510 3266 religio
526 3208 601 3266 pure
616 3188 756 3266 obligans
765 3185 773 3266 i
782 3198 923 3250 naturam
938 3189 1123 3250 racionalem
1138 3189 1179 3249 ad
1193 3188 1295 3250 obser-

96 3293 230 3353 vanciam
242 3289 335 3351 Cristi
343 3290 566 3363 mandatorum,
578 3290 769 3351 excludendo
784 3291 824 3352 ab
839 3291 1012 3352 huiusmodi
1021 3290 1212 3370 obligacione
1221 3291 1297 3352 obli·

95 3395 249 3470 gacionem
273 3392 315 3452 ad
337 3391 565 3452 observanciam
590 3393 680 3453 trium
696 3393 909 3474 principalium
926 3393 1118 3454 consiliorum
1135 3392 1235 3468 Cristi,
1259 3394 1297 3455 de

60 3505 86 3551 :tt
95 3505 283 3576 paupertate,
316 3496 455 3556 castitate
486 3491 536 3555 et*
564 3494 749 3556 obediencia.
794 3495 837 3556 Et
868 3495 948 3576 quod
978 3496 1085 3575 religio
1116 3497 1238 3576 privata
1259 3497 1298 3558 sit

96 3599 196 3678 religio
212 3597 420 3660 essencialitar
435 3597 575 3676 obligans
589 3607 729 3658 naturam
743 3599 928 3659 racionalem
939 3599 980 3659 ad
989 3598 1218 3660 observanoiem
1233 3609 1296 3659 tarn

96 3702 307 3763 mandatorum
340 3699 389 3760 dei
426 3720 517 3780 quam
549 3701 612 3760 eius
643 3700 858 3780 principalium
890 3701 1083 3762 consiliorum
1106 3710 1137 3763 et
1159 3702 1296 3763 acciden-

99 3813 285 3820 .-——..-
291 3812 436 3818 —--—

311 3855 387 3902 CAP.
406 3854 447 3901 ΙΙ.
483 3855 550 3916 αφ.
573 3852 1098 3918 Τνίαὶ.369;Ριινραί.αῠουερ.304
1168 3850 1262 3906 *aso

162 3989 183 4019 '¹‘
201 3990 350 4058 periculoso
361 3992 398 4040 Ca
435 3987 617 4055 periculosaD
685 3987 707 4018 ²⁹
726 3991 794 4040 male
805 3992 859 4049 α,1)
876 4007 940 4040 corr.
958 3993 1025 4054 from
1042 3990 1112 4040 mala
1146 3990 1247 4040 malac

162 4079 240 4127 CAP.
262 4077 304 4125 11.
332 4075 341 4103 ¹
360 4077 393 4124 Ia
405 4076 432 4123 D
450 4077 471 4124 ie
489 4075 548 4124 add.
565 4076 591 4123 ia
602 4092 677 4125 maa:
696 4076 846 4142 Descripcio
864 4076 996 4143 religionis
1014 4076 1136 4126 cristiano
1153 4077 1296 4128 secundnm

98 4161 264 4228 quosdamD¹
317 4158 375 4210 Β20
391 4181 407 4212 u
421 4163 479 4220 (tte
496 4161 596 4210 number
613 4162 635 4210 ir
652 4177 725 4218 corr..
742 4179 759 4210 o
779 4163 943 4223 lisera-red)
972 4163 1055 4211 22⁰0
1082 4163 1114 4213 32
1128 4164 1181 4224 (cr.
1194 4165 1296 4226 oet)D‚

98 4249 167 4299 odore
183 4253 204 4298 it
221 4249 291 4298 xuo
305 4243 351 4304 D’,
367 4247 408 4296 but
425 4249 484 4296 roim
502 4247 575 4295 merle
592 4248 624 4312 of
636 4248 683 4311 ref.
703 4252 727 4296 to
741 4247 773 4296 32
785 4249 808 4297 is
825 4249 884 4296 add
902 4249 928 4296 in
946 4264 1008 4296 mar.
1021 4249 1065 4312 20)
1134 4243 1146 4275 ⁸
1163 4247 1245 4298 deror.
1257 4249 1294 4300 Cu

130 4351 163 4384 sc.
172 4337 226 4396 (er.
235 4331 381 4396 oatdod.)
391 4332 504 4382 descr.D
558 4329 568 4359 ⁴
581 4333 650 4382 etCa
681 4332 799 4382 adobed
809 4333 1005 4382 observandam
1018 4335 1072 4395 (or.
1081 4331 1224 4397 cordati.)
1234 4334 1296 4384 etD
