3354 5142
130 563 186 608 cap.
211 543 282 612 νη]
636 546 826 596 cnucmnr.
1267 552 1328 610 613

131 719 241 799 capitis
263 718 398 780 ecclesie.
436 717 487 778 Ex
510 739 569 799 quo
591 719 789 793 convincitur,
813 730 877 780 tum
901 723 981 801 quod
1002 721 1097 782 habet
1115 743 1134 782 a
1156 719 1255 782 Crista
1277 741 1328 800 po·

129 833 271 883 testatem
302 821 553 883 innumerabilem
585 821 625 882 ad
656 841 725 882 suos
755 823 865 884 milites
887 824 1112 902 prendendum,
1144 832 1210 884 tum
1232 824 1328 884 eciam

131 926 213 1007 quod
244 921 353 987 debet⁵
382 926 585 998 excantata,
619 945 708 1006 quam
733 925 824 986 debet
846 926 959 987 habere
982 927 1022 987 ad
1045 925 1135 988 Cristi
1158 926 1328 1000 ecclesiam,

130 1029 217 1089 ouius
248 1037 293 1089 est
323 1037 426 1108 caput,
455 1029 486 1088 in
509 1049 601 1090 causa
622 1029 684 1090 ista.
703 1029 819 1108 operari
843 1025 998 1102 viriliter,⁶
1029 1049 1066 1090 ne
1089 1030 1193 1091 fideles
1216 1027 1329 1090 subditi

104 1133 191 1192 ceint
214 1127 362 1192 heretici.⁷

216 1233 278 1295 Hic
301 1253 372 1312 sepe
389 1234 503 1295 dictum
519 1242 573 1306 est,
598 1235 678 1315 quod
693 1255 749 1296 nec
765 1245 898 1314 potestas
913 1236 1113 1298 cardinalium
1129 1257 1185 1298 nec
1201 1235 1328 1297 alicuius

129 1337 260 1398 hominis
283 1337 359 1397 citra
381 1336 472 1398 deum
495 1358 526 1398 se
549 1334 738 1399 extenderit⁸
761 1339 801 1398 ad
823 1338 996 1416 eligendum
1013 1339 1062 1400 vel
1085 1340 1327 1401 constituendum

129 1434 333 1522 quemquami
360 1441 392 1500 in
418 1437 543 1520 caput¹⁰
569 1440 618 1502 vel
646 1440 814 1501 membrum
829 1437 837 1524 l
853 1441 943 1503 Oristi
970 1443 1105 1503 ecclesie.
1151 1441 1229 1502 Cum
1256 1463 1328 1522 ergo
1341 1461 1350 1514 p
1364 1462 1434 1513 osor.
1448 1461 1499 1500 rrae

130 1542 223 1604 Cristi
249 1543 376 1622 apostoli
400 1564 461 1604 non
484 1543 639 1606 audebant
660 1543 823 1604 Matthiam
846 1543 957 1623 eligere
979 1546 1011 1605 in
1033 1544 1123 1606 Oriati
1147 1545 1326 1624 apostolum,

88 1647 183 1710 msed
207 1646 352 1706 mittendo
375 1655 485 1707 sortem
507 1646 690 1708 eleccionem
714 1648 926 1708 commiserant
941 1648 1061 1708 domino
1077 1647 1147 1709 Iesu
1163 1647 1270 1721 Crista,
1294 1657 1329 1709 ut

128 1757 217 1829 patet
237 1748 308 1809 Act.
326 1743 367 1821 1⁶,
392 1750 457 1829 quis
480 1750 610 1823 catillo,
635 1751 685 1830 qui
708 1771 747 1810 ex
770 1750 921 1811 eleccione
943 1751 1050 1811 talium
1073 1750 1274 1812 cardinalium
1298 1761 1328 1812 et

129 1873 169 1914 ex
192 1853 256 1912 vita
282 1872 337 1912 sua
365 1861 427 1913 tam
451 1852 546 1913 debili
567 1853 661 1912 audet
681 1861 800 1913 tantum
823 1852 982 1914 ecclesiam
1006 1853 1201 1932 perturbare?
1238 1853 1329 1914 Patet

130 1956 252 2035 quidem
275 1976 314 2016 ex
329 1955 397 2027 fide,
421 1955 502 2035 quod
517 1954 609 2016 Cristi
628 1955 692 2016 vita
713 1955 772 2016 fuit
793 1955 883 2034 longe
906 1957 1019 2030 melior,
1045 1978 1135 2038 quam
1151 1966 1196 2017 est
1210 1977 1274 2028 sua,
1298 1964 1329 2016 et

130 2079 198 2118 cum
224 2056 340 2118 Cristus
367 2078 482 2119 summe
508 2059 628 2136 sapiens
654 2057 811 2138 prohibuit
832 2059 955 2120 Petrum
979 2059 1131 2121 volentem
1155 2054 1328 2139 pugnare¹¹

90 2181 186 2240 repro
208 2157 418 2222 defensionen
433 2163 493 2222 vite
515 2171 577 2221 tam
599 2159 686 2233 bone,
710 2162 859 2242 quomodo
875 2182 946 2240 ergo
962 2164 1096 2244 sequitur
1111 2163 1241 2224 vicarius
1258 2163 1329 2224 talis

130 2263 273 2337 Cristum,
298 2266 349 2344 qui
371 2285 431 2325 non
451 2284 505 2344 pro
523 2263 699 2325 defensione
714 2265 784 2338 vite,
809 2265 860 2325 sed
876 2285 931 2345 pro
946 2275 1063 2345 papatu
1078 2287 1201 2328 cesaree
1216 2266 1330 2327 excitat

130 2377 176 2427 tot
197 2367 334 2428 homines
357 2367 396 2428 ad
418 2368 637 2447 pugnandum?

216 2468 347 2530 Indubie
375 2469 422 2530 vel
451 2479 569 2548 oportet
596 2471 762 2532 concedere
785 2469 916 2532 Crietum
940 2471 1148 2549 imprudenter
1169 2473 1276 2533 fecisse
1298 2473 1329 2532 in

128 2567 228 2646 isto,¹³
254 2573 304 2633 vel
335 2573 416 2653 quod
442 2574 501 2634 ieta
526 2569 679 2652 papalis¹⁴
706 2573 838 2652 dignitas
861 2583 906 2635 est
928 2573 1034 2634 melior
1055 2575 1118 2635 vita
1141 2573 1246 2647 cristi,
1279 2575 1329 2635 vel

87 2675 232 2748 coaliter,
266 2676 345 2756 quod
367 2696 449 2755 papa
470 2677 526 2736 iste
550 2676 636 2737 vadit
661 2678 810 2738 contrarie
839 2678 879 2737 ad
901 2676 1043 2750 Cristum,
1067 2677 1115 2738 vel
1139 2675 1271 2738 Cristum
1296 2685 1331 2737 ut

130 2778 276 2839 sathanas
298 2779 459 2840 antecedit.
497 2779 562 2840 Nec
577 2778 662 2840 valet
683 2775 766 2841 hic¹⁵
788 2779 990 2840 hereticorum
1005 2781 1175 2859 sompniata
1190 2779 1328 2858 garrioio,

129 2882 212 2962 quod
234 2881 342 2942 Petrus
373 2882 441 2943 ideo
472 2881 532 2943 tuit
562 2903 580 2942 a
612 2877 767 2943 domino¹⁶
793 2881 984 2963 reprobatus,
1018 2883 1089 2961 quia
1110 2882 1264 2943 nitebatur
1286 2903 1329 2942 re-

130 2984 340 3064 dempcionem
372 2984 496 3045 humani
527 2985 645 3064 generis
674 2985 831 3065 impedire,
863 2993 894 3045 et
923 2984 1008 3045 illam
1039 2985 1098 3045 fuit
1128 2986 1328 3046 necessarium

130 3082 330 3166 adimpleri.¹⁷
384 3086 500 3148 Cristus
523 3088 602 3148 enim
634 3083 712 3148 est¹⁸
743 3089 945 3167 omnipotens,
978 3095 1009 3148 et
1029 3083 1088 3148 si¹⁹
1116 3088 1213 3149 voluit
1235 3088 1329 3148 vitam

292 3225 408 3232 -----—.-
427 3227 472 3232 ..—

346 3293 421 3341 CAP.
439 3292 503 3340 1⁷11.
538 3296 550 3318 ‘¹
572 3293 614 3355 cp.
634 3292 740 3355 Sappl.
762 3292 856 3341 Trial.
876 3297 937 3348 tol).
963 3293 1042 3340 where
1064 3294 1104 3341 tae
1124 3309 1191 3340 ronse
1212 3293 1288 3340 {derne
1309 3293 1331 3341 ir

302 3379 399 3428 treated
416 3379 448 3441 of
512 3374 560 3426 bo.
574 3381 607 3428 26

200 3561 446 3618 'debetABCDG
475 3565 760 3628 habet(ad.)debetE
810 3563 1074 3615 ‘viriliterACDEG
1102 3567 1185 3614 ΜΒ
1237 3561 1330 3613 'here-

130 3649 175 3697 tici
188 3645 373 3706 ABCDJJiin
386 3667 448 3698 mor.
501 3651 651 3700 fraudatiE
701 3651 821 3700 hereticis
834 3653 858 3698 G
935 3648 1112 3701 ”extenderit
1122 3653 1167 3699 01)
1214 3649 1332 3699 extendit

131 3737 237 3784 ABEG
306 3733 492 3802 ’quemquam
505 3737 608 3785 abac
642 3737 898 3803 quidquam(?).dO
960 3734 981 3763 ¹⁰
998 3739 1024 3785 in
1037 3738 1063 3785 D
1080 3739 1102 3786 ir
1119 3737 1177 3786 add.
1201 3736 1274 3784 below
1292 3738 1332 3783 tlte

130 3822 190 3870 cot:
210 3820 250 3870 Ad
269 3821 418 3886 eligendum
436 3822 478 3870 vel
498 3821 707 3871 constituendum
726 3837 883 3888 quemquam
903 3823 929 3872 in
947 3829 1027 3888 caput
1038 3839 1087 3871 nce
1100 3828 1139 3872 est
1151 3827 1265 3887 potestas
1278 3837 1330 3870 car-

131 3906 257 3956 dinalium
268 3905 304 3954 D¹
392 3905 412 3934 ¹¹
430 3909 456 3956 io
477 3909 531 3957 ΑΕ
546 3910 569 3956 ir
586 3909 644 3956 add.
663 3910 688 3956 ia
705 3925 782 3956 mor„-
809 3908 912 3957 Bellum
926 3905 1004 3957 Μ’
1083 3905 1103 3935 ¹²
1121 3907 1273 3957 defensione
1286 3909 1334 3955 AO

130 3994 210 4041 DEG
246 3991 428 4043 defossionaB
506 3989 529 4021 ¹⁸
546 3994 594 4042 isto
605 3995 729 4043 AGDEG
764 3994 849 4043 istuB
928 3991 949 4021 ¹⁴
967 3994 1017 4043 ista
1034 3993 1134 4060 papalis
1151 3993 1331 4042 cremonae

164 4079 214 4128 ista
232 4086 262 4127 ut
279 4078 402 4128 sathanas
420 4084 472 4136 etc..
491 4080 534 4128 but
549 4082 608 4128 reith
624 4081 698 4128 mark
715 4081 747 4144 of
759 4081 807 4145 res.
826 4081 899 4129 mooe
917 4083 958 4129 tlte
969 4081 1029 4128 col.:
1048 4079 1149 4145 papalis
1167 4079 1191 4128 d.
1211 4093 1233 4128 e.
1253 4095 1285 4126 m.
1304 4095 1329 4128 v.

130 4163 166 4226 0.,
190 4181 215 4215 v.
235 4179 268 4220 a..
285 4181 309 4229 q.
329 4181 352 4229 p.
371 4164 387 4212 i.
405 4181 429 4213 v.
448 4165 577 4214 contrarie
595 4170 641 4214 aut
658 4165 728 4230 quod
747 4166 858 4215 Oristum
869 4163 905 4214 1³¹
993 4161 1013 4191 ¹⁵
1030 4164 1210 4213 hieracam
1247 4163 1331 4212 hecG

131 4247 151 4276 ¹⁸
171 4249 231 4298 ideo
249 4249 267 4298 l.
286 4264 309 4298 a.
328 4249 488 4298 d..4BcDa
524 4251 582 4300 ideo
595 4267 618 4300 a.
632 4251 656 4300 d.
670 4251 723 4299 Η]
800 4249 821 4279 ¹⁷
839 4251 975 4317 adimpleri
986 4251 1110 4298 Bonae
1154 4249 1296 4316 adimplere
1307 4251 1330 4298 A

133 4332 153 4362 ¹⁸
171 4335 347 4386 annonae
382 4351 428 4384 om.
439 4337 464 4383 B
535 4333 556 4364 ¹⁹
573 4337 594 4385 oi
605 4337 772 4394 ABDaess,
791 4338 834 4387 but
850 4355 915 4386 corr.
933 4339 962 4402 by
982 4333 1015 4385 0⁸
1033 4338 1083 4386 into
1101 4336 1138 4387 sic
