3260 5136
72 535 129 580 cap.
154 513 186 581 Γ]
405 518 460 566 DE
474 519 741 568 PERFEOTIONE
757 520 941 569 sacreum.
1207 525 1269 583 467

74 709 222 749 memores
257 687 414 749 celestium
449 689 642 768 premiorum.
698 689 742 749 Et
777 691 819 752 sic
850 691 998 752 suadetur
1028 692 1076 752 dei
1107 693 1272 772 temptacio

73 803 103 851 ct
125 791 301 852 recludetur
322 791 451 852 fratrum
464 792 680 870 preconisecio,
704 793 853 872 quomodo
869 804 939 854 sunt
954 794 1102 854 anticristi
1116 815 1270 874 precones,

73 896 151 954 sicut
173 893 315 974 Baptista
345 895 404 954 fnit
433 895 465 954 in
495 895 560 956 vita
591 905 621 955 et
651 915 742 975 opere
773 917 863 974 preco
886 895 987 956 Cristi.
1032 895 1097 956 Nec
1129 898 1190 958 scio
1222 917 1272 957 ex·

74 1017 180 1056 cusare
211 997 358 1076 populum
390 1017 409 1057 a
439 1017 512 1058 ceca
537 998 724 1075 ignorancia,
756 1019 816 1079 qna
846 998 879 1058 in
909 997 1010 1059 verbis
1040 1009 1071 1058 et
1100 998 1190 1060 factis
1213 999 1273 1059 fra·

51 1115 151 1162 etrum
184 1099 287 1160 taliter
316 1100 501 1160 tenebratur.
551 1098 593 1159 Et
623 1109 709 1178 patet
738 1100 860 1161 nuditas
891 1102 1015 1179 ergucie
1046 1100 1180 1173 simialis‚
1213 1121 1273 1180 qua

75 1201 275 1275 concluditur,
308 1202 389 1283 quod
420 1203 592 1282 deprimens
619 1223 732 1283 papam
763 1223 851 1262 sunm
882 1203 921 1263 sit
951 1213 1106 1283 tamquam
1137 1202 1273 1281 proditor

75 1304 307 1384 suspendendus
338 1325 384 1376 ec,
416 1305 497 1384 quod
530 1305 673 1366 falsarius
704 1316 832 1376 monete,
866 1325 920 1383 per
950 1325 1041 1385 quam
1073 1307 1139 1385 quis
1171 1305 1273 1366 cibum

75 1417 196 1480 emeret,
228 1407 268 1467 sit
297 1417 422 1487 propter
452 1408 641 1487 corporalem
671 1402 908 1487 prodicionem⁴⁷
940 1407 1167 1468 racionabiliter
1197 1408 1274 1470 occi·

76 1509 202 1570 dendus.

41 1633 67 1672 ro
158 1612 242 1672 Nam
265 1621 391 1692 uterque
413 1613 538 1674 istorum
562 1633 710 1693 paparum
733 1633 789 1674 nec
805 1613 937 1673 ostendit
951 1613 982 1671 in
997 1612 1062 1672 vita
1076 1632 1132 1672 sua
1147 1612 1274 1672 cesaris‘

77 1715 167 1774 nostri
199 1715 385 1794 ymaginem,
416 1735 473 1776 nec
505 1716 594 1776 docet
615 1715 710 1776 frater
731 1716 863 1776 vicarius
886 1715 956 1776 talis
978 1734 1069 1794 pape,
1102 1715 1175 1794 quin
1196 1715 1274 1775 foret

76 1817 252 1896 expedicius
283 1817 427 1878 militanti
456 1818 584 1878 ecclesie
615 1839 719 1879 cerere
740 1818 795 1878 tali
818 1839 900 1897 papa
922 1837 1043 1878 cesaree
1081 1817 1275 1878 conformiter

77 1919 133 1998 legi
165 1918 268 1980 cristi.
313 1919 356 1980 Et
386 1921 580 1981 conformiter
610 1921 722 1982 dicitnr
748 1921 788 1981 ad
810 1941 914 1982 omnes
938 1921 1088 1999 argucias,
1121 1941 1176 2000 per
1198 1939 1273 2000 quas

78 2023 301 2100 pseudofratres
337 2025 436 2083 sciunt
472 2023 503 2082 in
538 2025 596 2083 ista
626 2023 754 2084 materia
784 2023 931 2102 populum
967 2023 1139 2084 informare.
1193 2023 1274 2082 Nam

43 2125 219 2202 reprobacio
241 2135 332 2206 atque
354 2127 508 2204 responsio
530 2137 576 2187 est
596 2135 705 2206 patens
726 2126 876 2198 fidelibus,
908 2126 961 2186 sed
993 2126 1118 2186 cordata
1150 2125 1274 2187 affeccio

79 2225 183 2300 rera‚⁴⁸
206 2227 390 2300 invenibilis,
414 2248 449 2288 eo
472 2229 552 2308 quod
575 2229 738 2290 multorum
761 2230 872 2290 caritas
894 2222 1103 2306 refrigescit.”

159 2331 203 2392 Et
234 2331 428 2392 conformiter
454 2333 578 2392 tractari
601 2340 632 2391 et
653 2330 802 2392 declarari
824 2341 924 2410 potest
950 2341 1014 2391 tota
1044 2331 1171 2390 materia
1193 2330 1275 2408 capi·

80 2434 143 2496 talis
166 2435 325 2495 anticristi.

158 2537 212 2596 Ex
234 2536 300 2597 istis
322 2545 426 2615 patere
441 2545 550 2616 potest,
574 2536 724 2616 quomodo
740 2533 853 2612 un(o)⁵⁰
868 2537 993 2596 istorum
1009 2535 1274 2614 pseudopaparum

44 2641 296 2720 nrcxstingwente
317 2639 476 2719 reliquum,
501 2639 631 2719 qualiter
652 2634 801 2699 obediri⁵¹
824 2638 916 2699 debet
938 2638 1093 2718 superstiti
1106 2637 1274 2698 secundum

80 2743 203 2804 formam
228 2741 386 2820 euangelii
407 2737 508 2822 priuss
527 2737 685 2802 dictam.⁶'

593 2964 679 3024 CAP.
711 2959 758 3024 V!

163 3117 227 3178 Sed
258 3117 328 3197 quia
360 3137 419 3176 non
442 3115 538 3177 claret
560 3137 598 3178 ex
621 3117 764 3196 predictis
786 3117 825 3176 de
847 3117 1037 3197 perfeccione
1059 3117 1171 3177 ordinis
1193 3113 1277 3177 eive²

82 3229 181 3294 status,
215 3219 382 3279 notandum
406 3229 460 3292 est,
489 3219 569 3299 qnod
592 3239 769 3300 quecunque
792 3219 879 3298 signa
901 3218 1055 3280 sensibilia
1077 3226 1147 3280 sunt
1167 3220 1276 3299 imper·

83 3323 209 3384 tinencia
232 3324 323 3382 statui
345 3322 501 3395 vimutum,
525 3323 581 3383 nisi
603 3322 642 3383 de
665 3331 778 3402 quanto
800 3319 946 3383 viatores³
960 3321 1114 3382 facilitant
1128 3323 1168 3382 ed
1183 3343 1276 3401 opera
1384 3309 1388 3316 ’

47 3421 238 3486 etvirtuosef

164 3527 281 3588 Cristus
312 3527 401 3600 enim,
433 3527 485 3607 qui
516 3547 576 3586 non
607 3535 653 3587 est
674 3535 816 3605 acceptor
837 3545 1044 3604 pomonamm,
1071 3525 1277 3586 indifferenter

85 3645 311 3654 -—-—----
333 3647 373 3652 .-

292 3701 301 3724 ⁴
320 3697 336 3745 f.
354 3713 374 3745 e.
392 3698 425 3760 os
439 3697 521 3745 caret
585 3691 600 3731 s
616 3713 654 3759 cp.
668 3712 695 3759 p.
714 3701 763 3746 665

147 3848 167 3878 ‘⁷
185 3849 361 3917 prodicionem
372 3849 409 3918 Cp
444 3849 620 3916 perdicionem
630 3851 682 3900 BD
736 3845 758 3876 ⁴⁸
775 3847 909 3918 raraODd
943 3851 1038 3900 raroE
1092 3845 1115 3876 ⁴⁹
1133 3849 1278 3914 refrigescit

86 3935 144 4004 cre
186 3937 373 4002 reffigescetD
450 3931 473 3963 ³⁰
491 3938 530 3984 tlte
547 3937 618 3986 codd.
636 3936 698 3984 read
715 3951 783 3985 unns
878 3931 900 3961 ⁶¹
918 3935 1017 3986 obediri
1028 3932 1092 4003 Οὒβ
1136 3933 1280 3984 obedireE

84 4017 104 4048 ⁵²
121 4023 245 4072 dictemO
277 4021 365 4072 damm
376 4023 430 4070 DE
463 4019 559 4070 dictam
577 4019 655 4090 etesi

149 4109 224 4158 (ΜΡ.
240 4107 268 4156 V.
306 4105 482 4158 ‘Gafflbmt'
514 4103 589 4156 VE’
623 4103 725 4176 omDfl
798 4102 967 4155 ”simeon
1003 4103 1071 4175 enipi
1134 4101 1277 4154 ’viatores

87 4193 154 4244 CDE
186 4191 341 4262 viatorempf
410 4189 538 4242 ‘1'an
555 4193 614 4241 odd.
633 4193 746 4241 ismara
764 4191 915 4240 Notandum
933 4197 972 4241 est
990 4191 1059 4256 quod
1077 4205 1275 4256 quecunque—

87 4280 195 4329 virtuose
212 4280 259 4340 (ar
277 4281 317 4328 tte
334 4283 385 4328 terr
402 4279 478 4340 runs)
487 4275 525 4326 12¹
