3304 5134
84 524 142 571 cap.
166 503 255 574 VIII]
293 508 348 556 DE
365 507 676 558 consummamur
691 510 857 559 DUORUM
872 509 1114 558 DOMINOBUM.
1226 515 1285 572 711

174 681 217 741 Et
237 681 331 742 tercio
355 701 394 740 ex
421 681 479 742 isto
510 681 660 761 principio
691 684 832 744 furantur
862 703 986 763 pueros,
1016 681 1150 762 spoliant
1176 701 1287 760 egenos

85 795 118 844 ct
144 783 228 844 mille
250 784 405 844 meandris
431 783 570 845 lacerant
594 785 695 864 legem
717 784 819 846 Cristi.
864 786 929 846 Ista
951 794 1054 845 autem
1081 784 1195 845 heresis
1218 805 1287 844 cum

85 888 150 948 suis
182 886 371 966 appendiciis
401 907 462 947 non
489 897 536 948 est
557 889 656 950 minus
680 889 774 968 priori
796 889 895 950 heresi
925 887 1127 967 triumphanti
1158 887 1288 948 ecclesia

85 989 260 1050 manifesta.

55 1106 72 1150 5
173 1091 217 1152 Et
238 1113 277 1152 cx
298 1092 365 1153 istis
379 1103 488 1172 quarto
507 1094 680 1172 germinant
701 1095 761 1156 alie
783 1095 903 1156 hereses
926 1095 1034 1156 nocive
1057 1094 1184 1155 ecclesie
1211 1093 1288 1152 mili·

84 1196 180 1268 tanti,
212 1195 330 1256 scilicet
360 1195 442 1275 quod
472 1196 542 1276 plus
572 1197 777 1257 necessarium
805 1209 852 1258 est
879 1207 909 1258 st
936 1198 1123 1258 meritorium
1150 1196 1289 1258 conferre

83 1298 148 1359 illis
170 1297 351 1358 elemosinas
374 1296 466 1358 Cristi
489 1298 674 1378 pauperibus
696 1299 852 1373 limitatas,
876 1320 968 1381 quam
992 1301 1065 1361 dare
1087 1299 1157 1360 illas
1179 1300 1288 1360 elemo-

84 1401 169 1462 sinas
192 1401 249 1473 ois,
273 1399 383 1480 quibus
405 1401 616 1481 multipliciter
638 1400 757 1463 Cristus
779 1423 831 1463 eas
852 1403 1007 1464 limitavit.

173 1502 216 1563 Et
238 1503 364 1564 existis
387 1505 492 1583 quinto
515 1506 624 1566 crescit
645 1506 856 1566 monstrositas
880 1507 912 1566 in
934 1526 1061 1567 numero
1083 1516 1115 1566 et
1137 1503 1290 1584 qualitati·

40 1605 146 1666 robus
160 1626 370 1686 personarum,
393 1606 426 1666 in
440 1607 670 1668 construccione
694 1608 873 1668 dommnm‘
894 1617 926 1668 et
948 1607 1077 1668 aliorum
1100 1617 1291 1668 ornamento·

85 1730 170 1782 rum,
203 1718 266 1770 tam
288 1710 321 1768 in
343 1709 529 1770 indumentis
552 1719 583 1770 et
604 1709 672 1770 aliis
694 1709 909 1789 apparatibus,
942 1720 977 1772 ut
999 1711 1097 1790 magis
1120 1719 1291 1791 appareant

84 1812 186 1872 sancti
201 1811 330 1872 ecclesie
344 1811 497 1873 militanti.
535 1811 578 1872 Et
600 1812 781 1874 utbreviter
801 1813 931 1887 dicatur,
954 1833 1110 1894 persuum
1126 1813 1290 1892 ypocrisim

84 1927 152 1975 tota
174 1914 310 1974 militans
333 1915 464 1976 ecclesia
485 1915 602 1993 patitur
624 1915 811 1976 discrasiam.

173 2016 216 2077 Et
238 2037 277 2077 ex
298 2018 364 2077 istis
387 2026 474 2078 sexto
496 2017 644 2090 inferunt,
677 2038 746 2078 cum
777 2018 893 2080 habent
921 2019 1015 2080 corda
1041 2018 1233 2079 dominorum
1261 2028 1292 2080 ot

38 2133 71 2178 15
84 2121 281 2180 dominarum
303 2120 336 2180 in
357 2120 419 2181 suis
441 2119 592 2194 manibus,
616 2121 698 2202 quod
713 2120 782 2181 libri
805 2122 983 2201 euangelici
1006 2131 1037 2182 et
1059 2141 1165 2183 sensus
1187 2121 1290 2182 catho-

83 2223 138 2284 lici
161 2222 310 2283 declarati
341 2223 455 2302 populo
486 2223 705 2284 comburantur
736 2235 767 2285 et
793 2224 864 2286 libri
892 2227 966 2287 artis
992 2245 1047 2286 sue
1069 2225 1291 2303 nigromantice

83 2347 121 2387 ac
145 2325 364 2404 philomantice
387 2347 442 2404 par
463 2337 624 2404 magnates
647 2327 775 2388 ecclesie
798 2328 1012 2389 defendantur.
1050 2327 1094 2389 Et
1116 2329 1159 2388 sic
1180 2349 1290 2406 suppo·

83 2431 183 2501 nitur,
216 2428 298 2508 quod
319 2429 352 2488 in
373 2428 459 2490 brevi
481 2438 619 2509 tempore
640 2451 722 2492 nova
743 2431 859 2492 facient
882 2431 985 2492 omnia
1006 2431 1037 2491 in
1061 2431 1192 2492 ecclesia
1213 2430 1291 2490 mili-

83 2541 180 2605 tante,
204 2531 263 2592 nisi
286 2531 361 2592 deus
383 2532 565 2594 miraculose
596 2545 704 2595 contra
734 2555 786 2596 eas
816 2534 1005 2595 ordinaverit
1031 2533 1201 2594 remedium
1224 2553 1290 2612 spe·
1317 2557 1320 2564 ¹

35 2634 174 2696 sociale.
220 2633 263 2695 Et
284 2643 388 2694 tamen
409 2645 474 2696 tota
497 2637 620 2698 malicia
651 2658 755 2698 eorum
787 2658 842 2716 per
868 2636 1063 2698 latitudinem
1092 2637 1138 2696 sui
1167 2634 1291 2696 habitus

83 2750 116 2799 et
138 2757 225 2798 suam
250 2737 412 2816 ypocrisim
435 2739 549 2818 populo
572 2750 619 2800 est
641 2739 750 2801 celata.

171 2839 214 2900 Et
236 2841 279 2900 sic
302 2841 431 2920 septimo
455 2843 593 2903 nutriunt
614 2841 762 2916 dominos,
787 2843 926 2902 dominas
951 2849 982 2902 ct
1004 2851 1143 2920 potentes
1166 2851 1291 2921 propter

82 2963 185 3023 pauca
209 2943 307 3022 spolia
329 2943 362 3003 in
390 2963 444 3004 suo
471 2944 607 3006 facinore
635 2953 742 3005 contra
764 2943 899 3005 (iristum
927 2955 958 3005 st
979 2945 1154 3006 sacerdotes
1176 2963 1290 3023 paupe-

82 3067 132 3108 res
155 3057 187 3107 et
209 3045 315 3107 fideles
336 3067 433 3127 usque
455 3047 496 3107 sd
517 3057 645 3108 mortem
677 3049 821 3108 atrociter
851 3055 1059 3126 persecuntur,
1093 3055 1124 3108 et
1146 3047 1189 3108 sic
1211 3055 1288 3106 tam·

35 3161 177 3230 usquam
200 3149 232 3210 in
253 3147 336 3210 bello
358 3151 438 3210 inter
453 3148 569 3211 Gclvos
591 3159 622 3210 et
638 3149 799 3211 Gibilanos
822 3150 965 3210 dividunt
985 3159 1081 3211 totam
1104 3149 1288 3211 militantem

82 3251 257 3314 ecclesiam.
295 3252 361 3314 Noc
384 3251 519 3326 dubium,
543 3253 617 3332 quin
639 3263 747 3314 contra
768 3252 868 3332 legem
889 3252 1005 3314 domini
1027 3273 1137 3332 corpus
1161 3253 1289 3314 ecclesie

82 3355 246 3416 militantis
268 3363 462 3415 commovent
483 3365 515 3416 et
535 3355 729 3417 conturbant.

171 3457 215 3519 Et
248 3458 306 3518 iste
335 3466 381 3518 est
407 3457 475 3520 finis
503 3458 660 3520 divisionis
690 3477 744 3520 sue
770 3455 924 3538 ripinioe,¹
956 3480 1045 3539 quem
1074 3460 1193 3520 faciunt
1224 3479 1289 3538 prs-

84 3560 218 3622 dicando
237 3568 269 3621 et
283 3559 550 3639 multiplicaoionis
565 3561 721 3641 religionis
736 3582 790 3622 sue
805 3570 837 3622 et
851 3572 942 3636 secte,
967 3582 1042 3641 quas
1065 3572 1173 3623 contra
1195 3561 1289 3622 domi·

34 3677 159 3724 atinum
180 3662 425 3724 introduxerunt.
470 3663 536 3725 Nec
567 3664 700 3726 cessabit
729 3666 789 3726 ista
817 3665 926 3727 divisio
954 3665 1103 3726 anticristi
1125 3684 1145 3725 a
1167 3665 1289 3724 commi·

83 3767 216 3828 nucione
239 3766 365 3826 unitatis
387 3775 419 3826 et
444 3767 530 3845 pacis
553 3766 645 3829 Oristi
676 3768 818 3842 ecclesie,
852 3778 1015 3848 antequam
1039 3765 1132 3827 Cristi
1160 3765 1290 3826 ccclesia

302 3953 378 4002 CAP.
402 3953 484 4005 VIII.
519 3957 531 3982 ⁶
551 3955 593 4020 Cp.
612 3956 688 4004 above
701 3972 729 4020 p.
747 3960 779 4005 I?
798 3959 862 4012 note,
880 3955 934 4004 elac
948 3971 976 4018 p.
996 3958 1041 4012 69‚·
1063 3959 1125 4012 135,-
1146 3956 1194 4004 113

155 4109 232 4158 off.
250 4107 332 4156 VIII.
362 4105 370 4134 ¹
391 4107 457 4156 Ibus
478 4109 518 4156 tae
534 4108 593 4158 MS.
612 4111 693 4166 reads,
707 4111 820 4174 perhaps
838 4110 880 4173 for
897 4109 1037 4170 rabbinus,
1056 4123 1095 4171 cp.
1114 4107 1242 4162 flatilem,
1256 4107 1289 4156 Ε.

92 4195 126 4244 W.
140 4197 163 4245 b.
176 4212 211 4251 a..
219 4210 247 4257 p.
263 4196 313 4244 ⁵32
331 4194 382 4241 aad
399 4195 453 4243 cod.
471 4196 525 4243 Aah
542 4195 588 4258 sol.
606 4200 652 4246 75.-
679 4195 773 4244 iratres
789 4195 924 4260 predicant
942 4195 1024 4243 verba
1045 4193 1106 4243 ficta
1124 4199 1151 4243 et
1167 4199 1291 4258 poemata

83 4281 227 4346 ripinisata.
