3260 5136
371 538 433 595 518
623 533 651 580 J.
675 532 814 593 WICLIE,
833 532 888 581 DE
903 533 1118 583 RELIGIONE
1134 532 1294 583 PRIMA
1313 533 1337 580 1.
1417 528 1483 597 [cap.
1498 527 1552 578 l'IIl

372 705 538 765 secundum
560 705 721 776 racionem,
755 724 815 784 qua
837 713 907 765 sunt
928 705 1110 780 laudabiles,
1142 705 1195 765 sed
1218 704 1386 766 secundnm
1408 705 1548 764 racionem.

372 827 433 887 qua
455 817 525 867 sunt
547 807 715 887 culpabiles
739 841 788 880 -,
821 807 863 868 sic
886 829 955 880 non,
988 809 1159 889 quicunque
1190 809 1308 888 aliquas
1330 807 1491 886 religiones
1508 805 1550 884 pri·

371 921 459 971 vates
491 907 676 989 approbatas
706 910 756 971 vel
787 930 890 970 eorum
921 911 1107 972 institutores
1130 931 1169 971 ex
1191 910 1249 971 hoc
1272 905 1397 989 opere⁶²
1417 908 1548 988 reprobat,

371 1023 491 1074 sanctos
522 1012 571 1072 dei
601 1022 633 1072 et
662 1033 765 1072 eorum
796 1014 891 1073 vitam
918 1023 1010 1093 atque
1041 1013 1209 1074 doctrinam
1232 1013 1470 1092 dampnabiliter
1491 1010 1549 1071 blas·

371 1116 506 1195 phemat,
539 1135 607 1174 cum
639 1115 713 1176 deus
745 1127 775 1177 et
806 1113 944 1177 omnes⁶³
966 1117 998 1176 in
1020 1117 1086 1176 celo
1108 1115 1191 1178 beati
1212 1115 1377 1195 reprobant
1398 1117 1480 1195 ipsas
1499 1111 1575 1172 reli-r

371 1218 475 1294 giones
498 1227 528 1277 et
550 1237 653 1278 earum
676 1215 902 1291 institutores,⁶¹
925 1238 985 1278 non
1008 1219 1175 1280 secundum
1197 1219 1359 1291 racionem,
1383 1214 1480 1299 quai⁵
1497 1225 1549 1277 sunt

369 1319 550 1392 laudabiles,
574 1321 627 1380 sed
649 1321 815 1380 secundum
838 1322 1000 1394 racionem,
1025 1318 1117 1402 qua⁵⁶
1140 1332 1211 1383 sunt
1232 1321 1410 1400 culpabiles.

456 1421 499 1482 Et
529 1431 614 1501 patet
642 1423 675 1483 in
705 1433 791 1502 parte
823 1423 994 1485 declaraoio
1021 1425 1105 1484 istius
1137 1425 1261 1485 materie
1284 1445 1353 1485 cum
1376 1423 1547 1502 responsione

370 1524 453 1586 fideli
475 1526 515 1586 ad
538 1535 718 1604 argumenta
739 1526 897 1587 reverendi
920 1527 1061 1588 monachi
1082 1523 1171 1588 etc.⁵⁶

439 1725 462 1756 ⁶²
480 1745 513 1778 ex
530 1728 554 1779 h.
574 1726 685 1797 opCoffl
722 1734 804 1779 om.A
893 1727 916 1757 ⁶⁸
933 1727 1052 1800 omnesfl
1095 1730 1178 1780 omnis
1187 1732 1261 1791 ACo,
1280 1748 1317 1794 ep.
1335 1747 1359 1778 κ.
1377 1734 1410 1780 50
1488 1725 1505 1755 ⁵⁴
1518 1727 1545 1774 iu·

369 1813 571 1884 stitutorest'apl
599 1815 760 1864 institoresA
804 1811 927 1881 “quain
939 1813 1034 1885 deon.
1046 1817 1113 1880 from
1126 1817 1188 1882 quia
1230 1813 1252 1843 ³⁶
1265 1814 1471 1865 monachismo
1494 1827 1544 1862 noo.

369 1900 565 1966 supradictiAn
618 1917 687 1950 mon.
704 1901 845 1966 supradicti
862 1911 910 1952 etc.
925 1899 950 1971 fl,
975 1904 1032 1950 lere
1049 1901 1189 1967 supradicti
1211 1903 1232 1950 ie
1255 1917 1320 1950 corr.
1337 1902 1404 1965 from
1421 1898 1543 1965 supradicte

405 1986 507 2036 aarum
523 1987 601 2051 Expl.
614 1989 639 2036 in
657 1987 695 2035 all
712 1989 834 2037 tkeeodd.
887 1989 912 2036 in
927 1989 948 2036 C
962 1987 1074 2052 follows:
1097 1987 1137 2038 De
1156 1987 1279 2052 gradibus
1296 1986 1360 2036 cleri
1378 1986 1438 2035 ecel.
1482 1987 1542 2032 irs:

368 2071 450 2135 Epist.
470 2071 502 2121 de
515 2079 573 2122 octo
585 2073 764 2139 questionibus
775 2073 879 2138 pulcris.
898 2073 952 2122 Iac.
964 2073 1055 2123 Amice
1067 2073 1192 2138 preclare,
1211 2087 1243 2122 ex
1261 2072 1394 2137 scripturis
1406 2071 1491 2121 vernis
1500 2085 1542 2117 roo-

366 2156 434 2222 cipio
447 2163 491 2207 etc.
528 2161 553 2206 ia
565 2155 584 2227 β
596 2160 635 2207 ΗΜ
646 2158 774 2222 following]
792 2159 842 2207 liae
855 2185 886 2194 —
900 2161 967 2207 there
984 2161 1048 2207 iano
1065 2159 1128 2207 tutte
1139 2174 1169 2206 or
1181 2159 1277 2222 Incipit
1289 2185 1320 2194 -
1335 2159 1416 2221 beyr'm
1433 2158 1493 2206 thar:
1507 2155 1542 2202 lu·

366 2249 418 2291 stat
435 2243 544 2293 ulterius
561 2259 659 2309 ponere
677 2243 748 2294 aliud
766 2244 928 2309 principium,
948 2245 968 2293 it
985 2246 1007 2294 ir
1025 2245 1055 2292 de
1073 2245 1141 2292 nina
1154 2243 1216 2292 book
1227 2245 1260 2307 os
1273 2243 1386 2307 Wrclis'r
1399 2241 1541 2291 Sumere

371 2330 410 2376 tae
427 2334 542 2391 separate
559 2329 626 2378 title:
644 2329 684 2378 De
702 2332 846 2392 Apoetariu.
