3304 5134
346 515 405 571 704
767 509 959 558 JOHANNIS
983 509 1123 564 WICLIF,
1434 503 1503 572 [cap.
1527 503 1548 548 Γ

345 684 429 745 valet
443 682 572 743 donacio
591 682 648 742 nisi
672 681 778 744 habita
800 682 930 743 licencia
952 682 1066 743 domini
1081 681 1231 761 capitalis,
1255 687 1398 761 patenter
1420 679 1542 740 conrin-

345 788 431 859 citur,
455 785 537 866 quod
559 807 619 846 non
642 785 727 846 valet
748 785 852 867 aliqua
874 785 944 847 talis
967 785 1095 846 donacio
1118 785 1176 844 nisi
1195 783 1357 864 prehabito
1380 784 1430 844 dei
1454 783 1540 843 licon·
1618 777 1619 840 l

345 891 401 962 cia,
425 889 476 969 qui
499 898 546 949 est
567 888 707 949 dominus
729 888 929 950 dominorum.

430 992 510 1052 Nam
533 1012 571 1051 ex
599 991 658 1051 lide
680 992 878 1064 convincitur,
902 991 983 1072 quod
1006 991 1095 1052 aliter
1115 1011 1177 1051 non
1204 991 1283 1050 foret
1304 990 1471 1050 elemosina
1496 987 1538 1049 vel

345 1115 421 1174 opus
443 1095 569 1191 licitum,
593 1094 646 1154 sed
669 1094 788 1154 facinus
810 1093 951 1154 illicitum
979 1094 1137 1155 anticristi.
1182 1093 1256 1154 Ideo
1284 1093 1418 1153 ostencio
1447 1101 1572 1153 certa-⁵

345 1219 412 1258 rum
434 1195 541 1258 talium
565 1196 705 1268 ostendit,
730 1197 811 1276 quod
833 1205 896 1258 tam
919 1197 1121 1258 concedentes
1143 1217 1235 1277 quam
1255 1195 1452 1257 admittentes
1473 1211 1537 1255 sunt

346 1299 486 1379 discipuli
510 1299 667 1360 anticristi.

431 1402 474 1463 Et
494 1411 593 1482 patet,
626 1402 708 1482 quod
730 1403 809 1463 sicut
831 1402 957 1481 argucia
984 1397 1080 1481 priori
1101 1401 1250 1462 fundatur
1271 1403 1303 1462 in
1325 1421 1426 1462 errore
1447 1402 1535 1462 homi·

346 1526 418 1565 num
435 1513 541 1565 contra
557 1503 698 1578 Oristum,
722 1505 765 1566 sio
781 1513 811 1566 et
825 1505 884 1566 iata
898 1505 1054 1566 secunda⁹
1070 1505 1195 1584 arguoia
1216 1505 1366 1565 fundatur
1379 1505 1411 1564 in
1433 1517 1535 1573 errore,

346 1629 437 1689 quam
474 1607 622 1668 anticristi
661 1606 830 1687 discipulus
868 1607 977 1668 nititur
1014 1629 1069 1687 per
1099 1608 1252 1669 racionem
1289 1608 1572 1687 nigromantioam1¹¹

347 1710 492 1772 stabilire.

871 1919 957 1977 OAP.
988 1919 1019 1976 V.

433 2072 542 2132 Restat
564 2070 681 2142 videre,
714 2070 865 2150 quomodo
886 2071 944 2131 iste
966 2080 1048 2132 secte
1071 2079 1202 2151 quatuor
1228 2078 1259 2130 et
1280 2069 1442 2148 religiones
1466 2091 1536 2129 nove
1618 2101 1619 2152 ᾗ

346 2175 379 2235 in
401 2174 562 2235 ecclesiam
584 2173 755 2234 introducta
777 2173 808 2233 in
831 2172 938 2234 eodem
961 2194 1061 2234 errore
1083 2173 1304 2252 nigromantico
1320 2183 1392 2234 sunt
1406 2173 1537 2233 fundate.
1618 2207 1619 2228 r

434 2275 579 2354 Arguunt
600 2277 689 2349 enim,
714 2276 795 2357 quod
810 2285 892 2337 secte
907 2276 963 2336 iste
984 2284 1055 2337 sunt
1075 2274 1155 2336 bone
1177 2285 1209 2336 et
1230 2275 1322 2349 licite,
1347 2277 1419 2357 quia
1441 2297 1459 2338 a
1480 2286 1537 2336 tam

347 2381 405 2460 piis
436 2379 572 2459 patronis
603 2380 743 2440 ordinum
774 2378 918 2441 stabilite.
965 2379 1041 2455 Quis
1073 2379 1153 2440 enirn
1181 2388 1309 2458 negaret
1335 2379 1538 2440 ordinaciones
1547 2397 1571 2441 15

184 2485 471 2549 immaculatorum
488 2489 500 2552 ΙΙ
516 2493 699 2556 sanctorum,
716 2481 886 2555 Benedicti,
901 2482 1056 2542 Dominici
1080 2490 1111 2542 et
1128 2481 1294 2557 Francisoi‚
1320 2491 1351 2544 et
1372 2482 1539 2562 specialiter

347 2589 378 2647 in
401 2587 467 2660 isto,
493 2607 552 2666 quo
574 2585 742 2647 secundum
765 2593 811 2646 tot
832 2595 953 2646 sanctos
977 2584 1138 2647 ecclesiam
1160 2597 1356 2647 ornaverunt.

435 2689 497 2750 Sed
518 2690 598 2750 sicut
611 2688 768 2768 superius“
791 2687 906 2749 dictum
929 2698 983 2762 est,
1007 2697 1127 2768 oportet
1149 2688 1189 2749 ad
1204 2689 1435 2750 rectificandum
1454 2689 1535 2750 istam

349 2793 505 2872 arguciam
528 2812 638 2871 capere
659 2791 692 2850 in
713 2791 838 2865 minore,
862 2792 944 2873 quod
967 2791 1041 2853 dieti
1062 2792 1185 2872 patroni
1208 2792 1239 2852 in
1255 2792 1426 2854 ordinando
1448 2802 1539 2853 sectas

348 2895 522 2956 huiusmodi
543 2915 605 2956 non
627 2903 813 2968 erraverunt,
837 2895 891 2956 sed
914 2895 1010 2956 secuti
1032 2896 1156 2956 fuerunt
1178 2895 1334 2956 dominum
1356 2895 1459 2957 Iesum
1482 2895 1571 2957 Cri-ro

349 3009 438 3060 stum.
462 3037 504 3044 -
527 2997 618 3074 Quod
640 3005 687 3058 est
707 2997 812 3058 multis
833 2997 1011 3060 incredibile
1039 3019 1078 3060 ex
1100 2999 1234 3060 duobus:
1262 3000 1361 3080 primo
1389 2999 1462 3081 qnia
1483 2996 1540 3058 Cri·

348 3111 413 3163 stus
435 3102 494 3162 fuit
515 3101 554 3161 de
575 3100 729 3162 eleccione
744 3100 904 3162 duodecim
920 3102 1126 3180 apostolorum
1145 3111 1348 3176 contentatus,
1372 3101 1423 3163 isti
1445 3113 1540 3164 autem

349 3206 469 3284 patroni
509 3203 666 3265 excellunt
705 3202 816 3265 multos
848 3204 1063 3278 duodenarios,
1103 3227 1139 3266 ac
1172 3205 1198 3266 si
1239 3206 1415 3268 anticristus
1455 3206 1541 3267 vellat

349 3309 430 3387 ipsos
453 3307 600 3368 extollere
622 3327 714 3386 supra
730 3304 872 3368 Oristum.
918 3306 1010 3368 Unda
1033 3329 1128 3370 novas
1148 3309 1269 3388 regulas
1292 3319 1324 3370 et
1345 3330 1442 3370 novos
1464 3309 1540 3370 habi·

349 3422 398 3471 tus
420 3411 576 3490 possident
603 3420 760 3491 tamquam
783 3410 977 3484 hereditarie,
1011 3432 1047 3472 ac
1073 3412 1099 3472 si
1122 3411 1228 3490 regula
1251 3411 1343 3472 Gristi
1371 3420 1403 3473 et
1425 3415 1569 3473 suaet-25

349 3515 470 3574 ‹linaeio
492 3513 606 3573 fuerint
628 3513 819 3592 incompleta.
865 3512 957 3574 Unde
980 3513 1111 3588 Cristus,
1136 3535 1207 3595 ymo
1229 3523 1295 3576 tota
1318 3515 1447 3590 trinitas,
1471 3516 1538 3575 limi·

350 3618 427 3677 tavit
449 3637 503 3676 suo
526 3615 632 3689 ordini,
658 3616 739 3696 quod
762 3615 836 3676 dicti
857 3617 904 3676 eui
921 3616 1063 3696 discipuli
1084 3638 1297 3697 permagnam
1320 3629 1440 3698 partem
1462 3617 1537 3678 habi·

349 3719 461 3792 tabilis,
485 3739 546 3779 non
568 3728 690 3780 servata
712 3718 860 3780 hodierna
881 3719 989 3798 regula
1004 3721 1211 3794 circumirent,
1236 3729 1270 3780 ut
1292 3730 1379 3800 patet
1400 3722 1438 3782 de
1453 3720 1536 3780 Petro

350 3823 420 3883 Act.
447 3815 510 3882 10st
555 3821 646 3883 Unde
668 3822 750 3901 quod
772 3821 929 3902 apostolus
950 3822 1067 3884 Paulus
1089 3845 1151 3884 non
1173 3823 1309 3885 audebat
1332 3845 1387 3903 per
1413 3844 1444 3884 se
1465 3822 1532 3882 tales

349 3935 447 3985 sectas
470 3924 623 4003 colligere,
647 3935 681 3985 ut
702 3933 788 4002 patet
809 3924 826 3984 I
844 3923 913 3984 (lor.
940 3931 955 3984 1
980 3935 1011 3986 et
1033 3931 1076 3998 3,⁶
1104 3926 1158 3988 dat
1180 3925 1322 3986 fidelibus
1345 3925 1562 3992 evidenoianr,3l

350 4027 431 4107 quod
453 4027 502 4088 vel
524 4027 581 4088 iste
604 4038 664 4089 tres
680 4027 799 4108 patroni
815 4027 925 4088 stolide
941 4037 1197 4108 presumpserunt,
1222 4038 1253 4090 et
1274 4029 1366 4090 sicin
1387 4025 1527 4089 fundando

559 4195 574 4233 J
588 4215 627 4248 ree
644 4199 718 4248 atoue
732 4214 758 4261 p.
774 4203 821 4248 701
893 4199 1050 4248 'reecbooe
1063 4215 1091 4262 p.
1111 4203 1161 4252 703

565 4287 641 4335 CAP.
657 4285 685 4334 V.
719 4285 797 4333 ‘See
814 4283 888 4334 above
900 4303 928 4349 p.
943 4289 989 4336 701
1061 4282 1166 4354 ltsff.
1227 4278 1523 4352 ‘0P·¹‚1⁰ff·53›³ff·
