3242 5138
77 579 126 628 sap.
149 559 202 630 rr]
424 569 479 618 nn
495 569 711 622 antroronn
726 573 888 623 raram
908 573 931 621 1.
1208 567 1269 628 509

76 740 250 818 supersticio
270 742 334 815 illa,
358 764 416 824 que
435 746 583 818 mussitat,
608 747 679 827 qnia
697 747 798 809 salvat
818 747 857 807 ad
876 746 969 807 deum
984 751 1179 824 peecatorum
1202 762 1271 802 oon·

77 843 169 916 sessio,
201 847 362 908 sacerdote
389 848 570 910 inconsulto.
614 851 684 911 Non
707 853 814 912 asserit
834 871 890 930 per
911 848 966 910 illa
988 846 1091 920 verba,
1123 845 1205 928 qnod
1227 853 1273 906 est

77 947 251 1024 supersticio
273 952 515 1029 sompniancium
538 973 681 1026 asserere,
705 954 786 1035 quod
808 955 849 1014 ad
871 954 962 1014 deum
985 959 1181 1032 peccatorum
1203 968 1272 1010 con·

78 1045 193 1108 fessio²⁸
216 1071 280 1112 non
302 1055 463 1117 consulens
485 1057 675 1118 sacerdotem
697 1057 852 1138 proprium
875 1057 932 1118 sub
954 1057 1011 1116 deo
1034 1075 1089 1134 pro
1111 1073 1167 1113 sua
1188 1051 1273 1112 satis-

58 1151 209 1214 staocione
231 1159 448 1220 sacramentali
470 1159 580 1234 salvat,
602 1161 675 1222 licet
697 1170 813 1222 asserat
834 1181 890 1242 per
911 1159 974 1232 illa,
1000 1157 1081 1238 quod
1103 1164 1149 1216 eet
1171 1174 1273 1234 super·

77 1256 155 1315 sticio
177 1259 423 1338 sompniancium
446 1283 589 1336 asserere,
621 1264 703 1345 quod
733 1264 886 1325 addeum
909 1271 1103 1344 peccatorum
1126 1257 1273 1319 confessio

78 1369 293 1441 contempnens
324 1363 456 1425 finaliter
485 1367 644 1428 consulere
670 1368 858 1429 sacerdotem
881 1365 1037 1448 proprium
1060 1362 1116 1424 sub
1139 1362 1196 1422 deo
1218 1379 1273 1441 pro

78 1481 127 1521 sua
148 1465 363 1526 satisfaccione
385 1470 601 1531 sacramentali
622 1471 731 1533 salvat.

157 1566 208 1628 Ex
231 1589 293 1649 quo
316 1580 402 1651 patet
423 1573 537 1653 quinto,
561 1575 642 1654 quod
665 1574 761 1636 verba
775 1573 941 1653 Augustini
960 1591 1051 1650 super
1068 1569 1275 1642 Psalterium,⁶

48 1669 181 1749 aquibus
203 1673 248 1734 sic
272 1673 406 1754 loquitur
428 1677 469 1738 ad
490 1673 730 1757 peccatorem⁹⁹:
755 1679 779 1738 si
801 1697 862 1737 non
886 1675 1040 1738 confessus
1062 1673 1148 1746 lates,
1171 1672 1274 1732 incon·

79 1773 168 1836 sessus
190 1776 451 1858 dampnaberia³⁰
474 1780 587 1842 debent
608 1781 739 1860 intelligi
761 1781 819 1841 hoc
842 1779 944 1840 modo:
977 1777 1057 1858 quod
1080 1776 1104 1837 si
1131 1783 1274 1855 peccator

79 1875 168 1938 lateat
197 1880 230 1940 in
262 1881 389 1942 tenebra
415 1883 557 1964 superbie
580 1896 797 1966 contempnens
818 1883 950 1944 finaliter
966 1889 977 1952 ΙΙ
994 1879 1129 1941 confiteri
1151 1875 1296 1958 proprioll
1310 1875 1382 1928 ⁰1⁰⁸·
1397 1877 1446 1915 ¹⁸⁹⁰

81 1983 223 2044 sacerdoti
256 1983 312 2044 suh
345 1986 401 2046 deo
433 2007 486 2048 seu
518 1989 582 2050 eius
609 1990 707 2050 vicem
730 1987 915 2049 ordinariam
938 1984 1064 2064 gerenti,
1088 1981 1275 2043 inconfessus

81 2083 302 2166 dampnabitur.

51 2195 73 2239 ¹⁵
159 2189 258 2251 Sexto
288 2200 375 2271 patet
405 2213 445 2254 cx
467 2191 652 2274 predictis,³¹
684 2195 764 2276 quod
787 2215 876 2255 nenio
899 2191 1065 2254 conteritur
1086 2189 1125 2250 de
1148 2195 1275 2268 peccato

82 2292 204 2366 mortali,
234 2295 317 2374 quod
339 2297 498 2370 commisit,
525 2297 582 2359 nisi
605 2319 674 2359 cum
696 2299 755 2359 hoc
778 2299 957 2359 confiteatur
979 2295 1036 2354 deo
1058 2301 1089 2354 et
1110 2291 1150 2353 ab
1173 2312 1208 2352 eo
1231 2311 1276 2352 sa-

83 2396 304 2458 cramentaliter
325 2401 545 2462 reconcilietur.
575 2401 725 2462 Probacio
747 2401 837 2461 huius
859 2399 972 2461 stetin
994 2398 1061 2470 hoc,
1085 2395 1165 2476 quod
1188 2415 1276 2454 nemo

82 2497 119 2558 sic
148 2501 326 2574 conteritur,
358 2503 415 2564 nisi
447 2525 516 2566 cum
548 2505 605 2566 hoc
636 2505 817 2567 confiteatur
847 2512 948 2564 mente
972 2503 1029 2562 deo
1052 2509 1083 2560 et
1105 2497 1277 2559 voluntarie

83 2602 223 2682 suscipiat
253 2603 293 2664 ab
322 2627 357 2666 eo
389 2627 464 2668 onus
487 2608 527 2669 ad
548 2609 724 2670 faciendum
746 2617 777 2668 et
798 2606 991 2687 paciendum,
1024 2601 1171 2687 quidquid
1202 2601 1277 2661 deus

51 2705 138 2778 ttult,
169 2707 253 2786 quod
283 2709 379 2770 faciat
408 2711 459 2771 vel
489 2713 629 2790 paciatur
658 2713 691 2772 in
721 2712 779 2772 hoc
810 2710 923 2772 mundo
945 2708 996 2770 vel
1019 2706 1088 2780 alio,
1119 2715 1277 2785 tamquam

85 2811 282 2886 penitenciam
312 2813 463 2892 integram
489 2815 710 2878 satisfaccionis
736 2806 1047 2878 sacramentantem³²
1069 2809 1204 2890 perfecte
1226 2827 1277 2888 pe-

86 2911 242 2975 nitenciam
265 2916 483 2978 satisfaccionis
506 2917 607 2978 Cristi.
636 2918 679 2978 Et
701 2939 769 2978 cum
790 2917 886 2978 omnis
900 2910 1106 2976 huiusmodi³³
1121 2911 1277 2990 suscepeio

86 3015 120 3074 sit
139 3017 276 3094 perfecta
296 3020 526 3082 sacramentalis
548 3021 767 3094 reconciliacio,
791 3021 927 3100 sequitur
948 3017 1110 3080 conclusio.

164 3120 215 3181 Ex
237 3141 297 3202 quo
318 3131 413 3202 patet,
437 3124 518 3204 quod
540 3145 601 3185 non
628 3125 725 3186 omnis
747 3123 977 3186 sacramentalis
999 3119 1210 3181 reconciliacio
1233 3125 1280 3177 est

92 3273 239 3284 --—.....-
253 3277 332 3283 ---.
349 3277 421 3284 ὴ.-

294 3365 359 3426 ‘cp
378 3365 482 3426 Aspare.
507 3366 570 3429 Opp.
592 3366 658 3415 Tora.
677 3365 725 3413 IV
739 3365 834 3414 Enarr.
856 3365 882 3411 ln
899 3361 993 3411 reatus.
1012 3359 1110 3408 LXVI
1126 3375 1153 3422 p.
1171 3363 1229 3413 660,
1244 3357 1278 3406 F:

251 3449 311 3510 qnid
328 3451 418 3498 timetis
435 3453 550 3518 confiteri
566 3456 591 3500 et
616 3453 642 3500 ia
659 3452 809 3515 consessione
830 3453 912 3498 cestra
930 3452 1032 3496 eantare
1054 3446 1176 3493 caudeam
1194 3460 1280 3492 novam

252 3551 305 3582 sum
323 3537 389 3584 maai
406 3541 482 3593 terra,
501 3539 527 3585 irs
543 3538 609 3586 moni
627 3543 703 3593 terra,
720 3539 825 3600 inpare
842 3535 966 3584 οαιλοῖὶσα
984 3533 1099 3600 conflari
1116 3532 1192 3591 times,
1211 3531 1280 3578 Deus

251 3637 281 3668 ac
306 3623 442 3685 confessam
467 3625 580 3672 damnet?
611 3625 640 3672 Si
666 3639 713 3670 ana
730 3622 855 3685 confessus
881 3621 956 3676 lates,
979 3619 1103 3682 confessus
1125 3615 1281 3665 damasec

252 3707 327 3766 (etet
344 3709 391 3772 res.
404 3713 429 3758 to
441 3709 489 3758 tha
500 3711 567 3758 aere
578 3711 601 3758 is
612 3727 629 3757 a
640 3713 696 3758 aete
707 3709 795 3757 below:
814 3707 887 3756 Editi
904 3723 960 3763 ,noa
972 3707 1097 3769 conferma
1108 3701 1279 3752 rlrrraaclrers's‘⁸

253 3793 375 3857 Expunqe
391 3801 462 3856 Μ’,
480 3797 545 3859 qaod
561 3795 629 3849 obest
640 3812 657 3844 a
669 3795 767 3855 MSS).
806 3793 884 3842 fimes
895 3792 1018 3859 confiteri,
1029 3791 1072 3854 qai
1082 3805 1130 3837 aon
1142 3788 1279 3855 confitendo

251 3896 302 3927 mc
312 3895 361 3926 acu
369 3883 441 3942 pota
451 3881 574 3931 occultas.-
592 3881 748 3930 damnaberis
760 3881 857 3936 tacitas,
875 3880 934 3942 qaia
943 3894 1027 3942 porres
1040 3876 1145 3924 liberari
1156 3874 1280 3937 consessas

152 4099 174 4129 ²³
190 4103 316 4153 confessio
327 4101 391 4172 Αθβ
425 4120 500 4156 onan
570 4101 592 4132 ²⁹
609 4107 635 4154 in
654 4107 679 4154 A
697 4107 719 4154 is
736 4105 794 4154 odd.
808 4105 882 4152 αόυυε
900 4095 1035 4151 corceat.-
1058 4098 1099 4148 Do
1117 4096 1280 4147 confessione

94 4184 222 4254 Augustini
231 4187 267 4238 A¹
330 4185 353 4217 ⁸⁰
370 4189 627 4256 dampnaberisAOa
658 4187 868 4258 dampneberisffl
923 4183 945 4214 ³¹
964 4185 1086 4252 predictis
1097 4187 1142 4242 Cur
1161 4187 1219 4232 lucre
1235 4199 1282 4250 pro

95 4273 133 4320 luu
148 4275 211 4324 later
227 4277 284 4324 teca
301 4277 359 4325 add.
407 4273 537 4346 diesisnss
625 4273 648 4304 ³²
665 4280 902 4327 sacramentantenr
915 4274 952 4325 Co
1010 4270 1226 4321 sacramentalem
1236 4267 1282 4339 Αβ

96 4353 115 4384 ³³
129 4359 342 4413 huiusmodiACa
378 4361 454 4412 huius
463 4361 489 4434 fl,
508 4365 551 4413 bct
567 4379 632 4414 coer.
649 4364 702 4414 iate
719 4361 866 4414 huiusmodi
884 4362 914 4426 by
933 4357 962 4430 β’
