3304 5134
349 529 408 586 726
788 523 965 572 GENERAL
984 523 1114 571 INDEX.

347 694 480 744 Anticristi
500 694 629 760 sophisma
652 693 756 742 videtur
778 693 922 754 attendere,
976 693 1098 758 Apocrile
1108 693 1196 742 fabule
1206 693 1239 742 de
1248 694 1343 744 5555115
1351 703 1493 744 sectarum
1506 698 1566 746 304.

381 762 451 828 quod
472 778 524 812 non
547 768 608 812 sunt
626 778 701 828 reges
722 763 765 812 vel
792 763 923 812 seculares
977 763 1050 810 -fos
1065 768 1147 811 status
1160 762 1288 812 dimittere
1301 778 1353 812 nou
1366 772 1406 813 est
1419 777 1565 829 peccatum

381 832 479 880 domini
498 833 556 882 270.
1013 832 1071 880 266.

348 927 380 936 -
399 900 518 965 discipuli
535 900 691 964 principales
709 907 776 960 sunt,
795 901 840 965 qui
852 901 924 964 qnie·
977 899 1115 964 Apostasia
1132 907 1172 948 est
1189 899 1297 949 induere
1315 909 1400 950 sectas
1422 903 1485 950 139.

381 969 599 1032 scuutinlegibus
609 971 922 1033 sectarumquatuorssllh.
978 995 1010 1004 —
1030 975 1068 1016 est
1086 968 1205 1018 deserere
1222 969 1362 1034 puritatem
1379 969 1448 1034 legis
1462 969 1566 1019 domini

348 1063 379 1072 -
399 1038 516 1086 versucia
534 1039 593 1088 397.
1014 1038 1071 1085 130.

348 1131 380 1140 -
398 1106 491 1171 triplex
509 1105 667 1170 significacio
685 1107 743 1156 609.
980 1130 1009 1141 -
1030 1105 1203 1154 membrorum
1223 1105 1328 1169 dyaboli
1347 1113 1400 1156 stat
1416 1107 1444 1155 in
1457 1107 1564 1172 fugien-

348 1200 379 1209 -
399 1175 512 1223 sciencia
531 1177 589 1224 700.
1013 1173 1046 1222 (10
1064 1188 1080 1222 5
1098 1172 1180 1222 Crista
1199 1175 1256 1224 606.

348 1243 535 1292 -consilium
557 1251 686 1309 evagatur
706 1244 733 1292 15
756 1243 864 1308 privatis
886 1260 924 1293 or·
979 1247 1158 1291 -sectarum
1178 1244 1236 1302 130,

382 1311 485 1361 dinibus
504 1313 561 1362 526.
979 1336 1011 1346 -
1030 1311 1199 1360 committitur
1208 1311 1328 1361 exeundo
1337 1312 1371 1361 ab
1384 1327 1439 1361 una
1451 1323 1533 1362 secta
1542 1315 1563 1362 iu

349 1406 381 1414 —
400 1380 442 1428 lex
461 1395 476 1428 a
495 1381 601 1446 prelatis
619 1380 751 1429 exaltatur
768 1383 826 1431 560.
1013 1379 1093 1428 511515
1113 1381 1168 1428 139.

348 1475 379 1482 -
398 1449 469 1498 mille
488 1449 605 1498 meandri
624 1451 681 1499 556.
980 1449 1077 1496 -5155ι
1097 1463 1196 1513 negare
1214 1455 1315 1513 oportet
1335 1451 1391 1498 139.

348 1543 380 1551 —
399 1533 458 1582 pars
476 1517 588 1566 finaliter
606 1517 655 1566 deo
674 1518 803 1567 observiet
821 1517 925 1582 pacien·
978 1517 1105 1581 Apostata
1134 1517 1213 1566 debet
1240 1517 1268 1566 in
1296 1533 1429 1566 carcerem
1458 1519 1564 1568 recludi

381 1585 414 1634 do
433 1587 490 1635 432.
1013 1591 1062 1634 etc.
1082 1586 1139 1635 476.

348 1681 379 1689 -
398 1655 530 1704 manifesti
547 1654 654 1718 dyaboli
672 1655 787 1704 membra
806 1656 863 1704 368.
979 1661 1039 1702 -te
1058 1661 1118 1702 sunt
1136 1670 1226 1703 omnes
1243 1661 1313 1704 secte
1334 1657 1395 1707 139:
1417 1656 1477 1704 140.

349 1749 379 1758 -·
399 1724 555 1772 extollencie
574 1723 631 1772 557.
981 1749 1009 1757 -
1031 1731 1091 1771 sunt
1109 1722 1184 1771 multi
1201 1723 1324 1787 prepositi
1343 1725 1399 1772 186.

348 1819 378 1827 -
398 1792 532 1841 brachium
559 1799 620 1841 sunt
647 1791 761 1857 religiosi
788 1792 925 1856 possessio·
979 1790 1150 1855 Apostemata
1167 1790 1277 1840 hominis
1295 1793 1353 1841 352.

381 1861 436 1909 5511
454 1861 512 1910 324.
978 1864 1070 1908 -1515
1088 1861 1240 1908 maturiacio
1253 1867 1382 1909 sectarum
1394 1863 1455 1910 353.

348 1957 379 1964 -
398 1930 530 1978 sinistrum
547 1928 681 1978 brachium
699 1934 759 1978 sunt
777 1929 925 1994 exproprie-
978 1927 1143 1994 apostolicus
1160 1935 1249 1988 status,
1276 1929 1339 1992 quin
1357 1929 1391 1977 sit
1414 1930 1565 1994 perlectis

381 1999 439 2047 larii
457 1998 571 2062 religiosi
592 1999 649 2046 324.
1013 2011 1092 2060 quam
1111 1997 1289 2062 episcoporum
1305 2012 1494 2047 caesareorum
1515 2016 1562 2048 non

348 2093 379 2100 —
399 2067 449 2114 clue
468 2067 510 2115 ale
529 2067 587 2116 324.
1013 2064 1122 2114 dubium
1139 2073 1179 2114 est
1197 2068 1254 2116 315.

347 2161 379 2169 -
398 2135 563 2200 privilegium
582 2135 640 2184 607.
980 2149 1072 2182 —cum
1091 2140 1188 2183 statum
1206 2135 1304 2184 cristus
1321 2134 1435 2183 instituit
1454 2137 1521 2185 466.

347 2230 378 2237 -
399 2202 799 2252 51551115551551115551392.
980 2203 1036 2251 -51
1072 2209 1132 2252 5551
1168 2219 1257 2252 omnes
1292 2203 1387 2264 clerici,
1428 2205 1475 2268 qui
1518 2205 1562 2252 dt»

348 2271 740 2336 -15151515155106815699,
951 2286 953 2318 ι
1014 2270 1124 2320 credunt
1147 2272 1232 2321 medie
1251 2273 1318 2336 parti
1340 2271 1401 2321 fidei
1431 2271 1562 2322 catholice

346 2366 381 2375 -
399 2341 485 2389 lorum
502 2340 651 2388 mercandis
670 2343 727 2390 564.
1015 2341 1073 2388 431.

348 2436 380 2444 -
399 2409 505 2472 argucie
524 2407 648 2457 deliciunt
666 2410 693 2457 in
711 2409 821 2458 materia
840 2415 866 2457 et
875 2409 924 2458 lor·
979 2435 1011 2444 —
1030 2415 1091 2456 sunt
1108 2407 1279 2458 hereticorum
1297 2407 1405 2458 secundi
1425 2411 1489 2460 431.

381 2492 425 2526 ma
443 2477 500 2526 702.
980 2501 1011 2512 -
1031 2491 1145 2526 canones
1163 2477 1221 2525 248.

347 2572 379 2582 —
398 2546 456 2595 iura
473 2546 599 2595 canonica
618 2547 675 2596 562.
978 2545 1117 2610 Apostolus
1135 2545 1242 2594 mandat
1258 2551 1342 2595 sectas
1359 2545 1463 2596 avitare
1480 2549 1526 2597 44.

348 2641 380 2649 —
399 2615 509 2664 materia
526 2615 655 2679 quomodo
668 2615 701 2663 sit
712 2614 849 2664 tractanda
866 2615 924 2664 467.
979 2641 1011 2650 -
1039 2613 1127 2662 551155
1153 2612 1245 2663 babuit
1274 2629 1291 2663 a
1316 2614 1394 2664 Petro
1421 2613 1559 2666 licenciam

347 2709 379 2718 -
398 2699 523 2748 precones
541 2689 601 2732 sunt
618 2684 711 2732 fratres
729 2684 787 2732 467.
951 2672 954 2765 l
1013 2681 1165 2747 predicandi
1181 2683 1240 2731 405.

347 2751 629 2870 ίἶ·ιιιὲὶι515ῂ15155ι15
648 2754 739 2870 360.ἰαὶ
786 2820 867 2870 1129
952 2768 954 2787 ι
981 2777 1034 2868 -c
1042 2766 1195 2868 uictrirc261310n
1222 2757 1392 2816 cognosceret
1421 2753 1558 2803 eccelesiam

365 2836 700 2870 e-erusaamu
756 2835 793 2869 scr
870 2856 876 2868 .
952 2830 954 2843 ¹
1036 2835 1069 2868 ris
1161 2857 1167 2869 .

348 2905 380 2938 ex
400 2915 431 2925 —
451 2837 592 2939 1511555510
604 2838 670 2939 1hon
693 2889 826 2954 dependet
843 2889 926 2938 salva·
951 2854 954 2891 1
981 2888 1032 2936 -11
1045 2901 1131 2936 errare
1144 2887 1412 2952 possuntinmoribus
1423 2891 1557 2940 5151563.

382 2958 422 3007 510
439 2957 609 3022 predestinati
628 2958 685 3008 257.
952 2960 954 3003 Ι
979 2983 1013 2992 -
1031 2957 1112 3006 verba
1125 2949 1266 3022 'impugnat
1282 2957 1410 3006 securitas
1426 2959 1507 3008 sectis
1525 2959 1557 3007 iu·

347 3026 374 3074 in
393 3054 422 3062 -
444 3027 552 3075 maliciis
570 3041 639 3091 papa
656 3026 748 3075 crescit
771 3027 828 3075 127.
1014 3024 1067 3074 fixa
1085 3026 1145 3075 245.

348 3101 409 3144 -10
427 3095 536 3144 viriliter
553 3094 673 3144 resistere
693 3097 750 3144 194.
980 3119 1013 3128 —
1032 3094 1122 3158 paucis
1139 3093 1255 3142 conteuti
1272 3099 1348 3142 erant
1366 3095 1425 3144 245.

349 3189 379 3198 -
400 3163 474 3212 nulla
491 3162 628 3212 evidencia
647 3169 685 3212 est
703 3162 833 3212 infidelior
850 3163 908 3213 276.
981 3178 1134 3227 -semper
1156 3161 1189 3211 ad
1216 3161 1356 3212 utilitatem
1380 3161 1556 3213 5551555515-

287 3248 290 3254 ’
348 3237 437 3280 —tum
457 3231 602 3295 impediunt
620 3232 762 3297 prudentes
783 3234 839 3281 194.
1014 3231 1142 3280 borabant
1160 3232 1218 3279 241.

348 3326 379 3336 -
399 3299 477 3364 pauci
493 3299 601 3348 heretici
622 3301 798 3350 molestabunt
816 3301 874 3350 397.
980 3324 1013 3334 -
1033 3313 1119 3348 errare
1131 3305 1238 3364 possunt
1249 3298 1276 3347 in
1289 3298 1405 3348 moribus
1417 3306 1445 3348 et
1458 3301 1501 3350 via
1518 3303 1554 3349 66.

349 3395 381 3405 -
400 3368 567 3434 extingueret
579 3369 719 3418 nisiltorum
733 3376 759 3418 et
771 3385 926 3435 magnorum
980 3393 1012 3402 -
1031 3367 1124 3432 regula
1142 3367 1256 3432 episcopi
1275 3369 1334 3418 133.

382 3437 499 3486 fidelium
517 3437 646 3486 instancia
665 3439 724 3487 400.
980 3463 1011 3471 -
1030 3437 1114 3485 sancti
1130 3436 1158 3484 in
1176 3436 1233 3485 celo
1251 3439 1292 3486 34.

347 3506 515 3555 Anticristiva
534 3506 621 3554 mania
639 3508 697 3555 400.
952 3534 954 3557 ι
980 3531 1012 3541 -
1032 3504 1180 3570 habuerunt
1197 3520 1289 3569 pacem
1307 3504 1471 3569 spiritualem
1489 3507 1543 3556 215.

347 3591 393 3640 pro
411 3575 487 3622 -vis
505 3574 730 3624 immolacionibus
742 3575 854 3640 pecunia
872 3589 925 3624 ma·
951 3560 954 3589 ¹
981 3600 1012 3608 -—
1031 3572 1180 3622 habuerunt
1196 3587 1287 3638 pacem
1305 3573 1349 3622 dei
1367 3574 1426 3624 215.

382 3657 435 3708 gna
453 3643 580 3692 exhausta
598 3644 656 3692 244.
980 3667 1015 3678 -
1032 3641 1553 3706 Cristimultiplieiterpersecutisunt215.

347 3712 478 3777 Antiquos
496 3711 603 3761 stabiliti
622 3712 726 3762 ordines
745 3715 787 3762 39.
981 3736 1010 3746 -
1031 3710 1168 3760 duodecim
1181 3710 1208 3758 in
1219 3709 1313 3760 eadem
1325 3710 1416 3761 tabula
1428 3719 1455 3760 51
1465 3727 1553 3777 parap

349 3781 428 3846 —qui
445 3781 593 3830 sacerdotes
610 3780 769 3830 sufficientes
785 3797 832 3846 pro
853 3779 926 3845 spiri·
1014 3777 1069 3828 side
1089 3780 1130 3829 77.

382 3849 447 3898 15511
465 3849 607 3899 ministerio
626 3851 666 3899 28.
980 3874 1011 3883 -
1030 3847 1153 3897 laborant
1170 3864 1217 3913 pro
1235 3848 1345 3914 egensis
1363 3863 1412 3898 sua
1431 3849 1486 3897 192

349 3945 380 3953 -
399 3919 546 3967 sacerdotes
565 3918 607 3967 72.
979 3941 1013 3952 -
1031 3917 1157 3981 scripture
1175 3917 1305 3966 contraria
1326 3925 1367 3966 est
1389 3917 1495 3966 hunum
1516 3931 1551 3964 re

348 3986 470 4050 Apocrila
488 4004 547 4036 cum
565 3986 679 4036 ludicriis
697 3986 814 4051 allegata
831 3987 889 4036 250.
1014 3985 1078 4050 gula
1098 3987 1146 4035 183

350 4081 380 4090 —·
399 4055 708 4120 imlucunturapatronis
716 4055 782 4121 priv.
792 4061 926 4119 tamquam
978 4053 1093 4119 —legii
1112 4053 1228 4102 homines
1245 4069 1337 4118 regum
1356 4059 1422 4103 terre
1441 4055 1498 4102 105.

382 4121 447 4172 fides
465 4125 505 4173 24.
979 4149 1011 4158 —
1030 4138 1082 4171 505
1101 4138 1161 4172 5515
1177 4121 1307 4187 lapidibus
1319 4121 1465 4188 desponsati
1485 4123 1538 4169 134.

349 4205 397 4256 per
418 4219 450 4227 —
473 4192 554 4242 verba
575 4199 646 4241 secta
670 4191 847 4258 Hospitalium
873 4193 925 4241 505
963 4217 1012 4230 ·—
1030 4191 1108 4240 tidem
1127 4191 1154 4240 in
1175 4191 1253 4240 variis
1274 4191 1377 4258 linguis
1399 4189 1548 4254 censemu-

384 4267 423 4309 est
437 4259 607 4324 justificanda
625 4262 683 4311 271.
1012 4267 1073 4309 runt
1092 4261 1148 4309 116.
