3260 5136
341 535 402 594 526
766 529 958 578 ronsanrs
981 531 1122 590 Wrcrrr,
1438 532 1520 602 [ρῳ]

340 702 469 781 gelisam
501 701 719 763 observantur?
764 701 844 762 Ymo
876 700 1051 763 substancia
1073 703 1186 783 regule,
1219 725 1277 784 que
1298 707 1452 767 ordinatur
1469 727 1519 768 esse

340 813 497 885 perpetua,
520 824 580 863 non
602 804 757 864 fundatur.

427 906 529 968 Grave
562 906 684 987 quidem
715 907 850 978 videtur,
887 907 969 987 quod
1000 908 1163 982 cristicole,
1206 909 1315 990 quibus
1346 911 1420 973 deus
1454 911 1520 972 dedit

340 1010 554 1091 disposiciones
576 1019 639 1070 tarn
663 1010 807 1088 dispares,
830 1009 890 1070 sint
912 1009 993 1070 ultra
1015 1009 1236 1089 obligacionem
1252 1011 1343 1074 Oristi
1364 1023 1427 1075 tam
1448 1015 1520 1075 anxie

341 1113 475 1191 obligati.
520 1113 606 1173 Idem
638 1113 718 1172 enim
748 1113 870 1173 videtur
900 1113 943 1174 sic
974 1113 1110 1192 obligare
1141 1135 1244 1176 servos
1270 1115 1385 1178 domini
1406 1127 1437 1178 et
1456 1131 1542 1177 moret

341 1216 429 1296 primi
461 1224 599 1295 apostate
630 1216 764 1288 innuere,
797 1215 878 1296 quod
909 1216 1083 1277 anticristus
1113 1216 1229 1278 habeat
1254 1226 1436 1298 potestatem
1457 1220 1521 1280 ultra

342 1318 474 1380 Cristum
506 1319 723 1398 disposiciones
745 1319 855 1380 mentis
877 1315 1043 1380 tribuere¹⁸
1066 1329 1096 1380 et
1118 1321 1388 1400 correspondenter
1410 1322 1448 1382 ad
1467 1321 1521 1382 illas

340 1422 522 1501 generaliter
543 1443 639 1482 novas
660 1421 782 1500 regulas
804 1420 949 1482 stabilire.

428 1524 517 1586 Unde
539 1534 570 1585 et
591 1545 663 1604 sepe
685 1523 779 1602 tetigi,
802 1524 833 1583 in
856 1523 996 1584 omnibus
1018 1524 1130 1586 talibus
1151 1526 1279 1605 privatis
1301 1525 1454 1586 ordinibus
1466 1545 1522 1587 eva·

340 1639 430 1706 gatur
452 1627 610 1687 consilium
631 1626 787 1688 anticristi.
819 1621 929 1686 Nam¹⁹
943 1627 1130 1688 fratrifactor
1144 1627 1192 1688 vel
1208 1628 1347 1708 procedit
1360 1629 1551 1710 imperativam

177 1729 389 1793 rasorroevel
420 1725 655 1790 consultative²⁰
683 1729 733 1790 vel
764 1725 954 1808 seflductive,
987 1729 1058 1809 quia
1080 1730 1156 1790 nulli
1178 1730 1228 1791 vel
1249 1731 1342 1810 pauci
1364 1741 1442 1804 sunt,
1463 1751 1523 1811 quos

339 1833 431 1893 fiendi
462 1833 570 1893 fratres
592 1843 711 1912 rogant,
744 1841 778 1892 ut
799 1851 875 1912 puro
898 1831 986 1892 titulo
1010 1832 1172 1893 elemosine
1194 1833 1311 1894 faciant
1331 1834 1401 1896 illos
1422 1835 1522 1894 fratres.

339 1936 475 1995 Primum
498 1945 600 1995 autern
624 1934 793 1996 membrum
816 1934 894 1994 foret
916 1933 1293 2016 luciferinapresumpcio,
1317 1947 1348 1997 et
1362 1937 1522 2005 secundum,

340 2039 512 2098 coincidens
544 2059 613 2098 oum
644 2039 747 2110 tercio,
779 2038 859 2098 foret
880 2037 974 2098 stulta
997 2045 1027 2097 et
1048 2047 1226 2117 presumpta
1247 2039 1399 2100 seduccio.
1441 2039 1523 2098 Nemo

339 2141 419 2202 enim
450 2140 621 2201 consuleret
651 2141 738 2201 fratri
769 2161 823 2200 suo
854 2140 911 2200 nisi
934 2140 974 2200 ad
994 2134 1113 2212 illud,²1
1148 2140 1186 2201 de
1209 2161 1268 2221 quo
1290 2149 1337 2203 est
1359 2151 1456 2202 certus
1476 2141 1554 2219 spi-u

339 2244 430 2304 ritum
461 2252 600 2303 sanctum
632 2243 797 2315 consulere,
830 2243 884 2303 sed
910 2242 1013 2302 nullus
1034 2242 1130 2304 frater
1151 2264 1213 2305 non
1234 2243 1402 2322 inspiratus,
1421 2243 1459 2304 ad
1478 2243 1524 2302 hoe

339 2347 396 2407 scit
425 2346 564 2426 spiritum
596 2355 734 2406 sanetum
767 2345 933 2418 consulere,
965 2355 1000 2405 ut
1030 2345 1129 2418 homo,
1162 2365 1250 2426 quem
1282 2346 1455 2427 alloquitur,
1483 2345 1527 2404 fiat

338 2450 442 2509 frater.
491 2448 575 2526 Ergo
606 2468 667 2507 non
698 2447 789 2508 debet
820 2447 862 2508 sic
898 2442 1014 2509 nude²²
1044 2448 1084 2509 ad
1115 2448 1193 2509 illud
1224 2449 1392 2510 consulere.
1441 2448 1527 2509 Maior

339 2561 425 2632 patet
446 2546 533 2631 per⁹³
555 2550 622 2624 hoc,
646 2551 727 2630 quod
749 2571 809 2610 non
832 2550 923 2611 debet
945 2551 1117 2630 specialiter
1137 2551 1169 2611 in
1191 2551 1257 2625 hiis,
1281 2572 1340 2632 que
1355 2561 1528 2614 concernunt

340 2655 469 2716 salutem
500 2654 610 2726 anime,
642 2653 792 2713 voluntati
819 2653 921 2714 divine
944 2648 1134 2726 contraire,²⁴
1165 2674 1234 2715 cum
1256 2664 1362 2716 notum
1386 2655 1435 2728 sit,
1458 2651 1559 2734 quoda»

339 2758 516 2818 consulente
547 2756 654 2835 spiritu
686 2755 800 2816 domini
831 2755 871 2816 ad
903 2755 1031 2816 salutern
1063 2765 1093 2816 et
1123 2757 1230 2835 spiritu
1261 2756 1396 2836 religiosi
1421 2758 1529 2838 privato

340 2860 516 2921 consulente
538 2859 578 2919 ud
594 2858 776 2919 contrarium
793 2859 881 2919 etsie
897 2858 936 2919 ad
957 2853 1252 2938 dampnacionem,²⁵
1273 2859 1354 2921 foret
1367 2861 1528 2922 anticristus

340 2983 489 3042 expresse,
522 2962 593 3042 quia
623 2970 728 3022 contra
754 2961 876 3038 regulas
898 2961 1042 3034 caritatis,
1075 2960 1184 3041 quibus
1206 2962 1347 3041 diligeret
1368 2963 1527 3044 proximum

340 3066 418 3126 sicut
440 3085 472 3126 se
493 3065 602 3145 ipsum,
625 3073 803 3143 procuraret
823 3064 926 3124 fratris
948 3063 1039 3124 stulte
1062 3064 1324 3143 dampnacionem.

426 3169 490 3228 Nec
523 3165 659 3238 dubium,
693 3167 765 3246 quin
796 3166 884 3226 multi
905 3167 982 3226 fiunt
1003 3167 1042 3226 de
1064 3167 1153 3228 sectis
1175 3167 1239 3228 istis
1261 3167 1398 3246 privatis,
1429 3167 1476 3247 qui
1497 3177 1558 3225 east

341 3271 498 3330 occasione
520 3268 643 3348 gravius
666 3277 736 3328 sunt
757 3268 924 3347 dampnati.
961 3269 1039 3329 Cum
1062 3290 1134 3348 ergo
1155 3290 1217 3330 non
1240 3270 1280 3330 ad
1301 3269 1380 3331 tales
1401 3269 1527 3330 introitus

340 3393 396 3452 per
422 3393 454 3433 se
476 3371 589 3432 bonum
611 3371 732 3432 virtutis
754 3365 837 3432 vel²⁶
858 3371 961 3449 gracie
983 3381 1194 3452 consequatur,
1226 3382 1262 3433 ut
1283 3373 1315 3432 in
1337 3371 1482 3452 baptismo
1501 3381 1527 3428 et

342 3474 448 3536 ceteris
478 3469 652 3536 virtuosis²⁷
685 3473 838 3552 operibus,
871 3474 911 3535 ad
942 3495 1000 3554 que
1031 3475 1082 3536 lex
1115 3472 1207 3536 Cristi
1243 3475 1388 3547 consulit,
1419 3474 1526 3534 videtur

342 3578 466 3638 stultum
498 3587 529 3638 et
558 3576 760 3656 periculosum
793 3576 832 3638 sd
863 3576 940 3637 tales
967 3577 1104 3656 privatas
1134 3577 1214 3638 vitas
1245 3578 1310 3638 sine
1341 3577 1525 3638 fundamento

342 3680 507 3743 consulere.
1529 3687 1554 3733 tr)

341 3801 653 3809 —n--.--—————

411 3864 432 3895 ¹⁸
450 3870 476 3915 in
487 3868 514 3914 D
525 3867 548 3915 ts
560 3867 618 3915 cdd.
632 3866 657 3914 ia
668 3883 745 3916 maa.-
763 3865 898 3927 Quomodo
916 3863 1064 3931 obligantes
1075 3864 1165 3914 vivere
1178 3864 1334 3931 regulariter
1344 3865 1460 3916 videntur
1470 3861 1522 3910 dare

343 3953 437 4002 mentis
455 3949 686 4016 disposicionesD¹
743 3947 763 3978 ¹⁹
781 3965 843 3999 nam
852 3952 897 4000 01)
926 3951 998 4002 vela
1060 3947 1303 4002 ”consolativae
1339 3946 1523 4002 consultivsGD

341 4035 362 4065 ’¹
380 4037 406 4084 in
418 4037 445 4085 D
463 4037 554 4086 aaut.
566 4039 591 4085 iu
602 4053 680 4086 mcr..·
698 4035 774 4098 Quod
792 4051 870 4086 nemo
887 4036 967 4086 debet
983 4035 1119 4086 consulere
1137 4035 1213 4085 alteri
1230 4035 1374 4086 claustrum
1392 4029 1523 4103 ingrediD'

341 4119 498 4172 ”nudetis
534 4121 646 4171 avideD
710 4117 839 4170 ”exCD
873 4137 947 4188 pern
1000 4113 1523 4174 “incumbimraeontmieffl

342 4203 364 4234 ²⁶
382 4206 543 4271 dampn.0D
589 4205 860 4272 ad(ud.)dampn.a
943 4204 964 4234 ²⁶
983 4207 1082 4258 vech
1128 4213 1182 4258 etu
1265 4204 1286 4234 '⁷
1304 4208 1420 4260 virtDa
1459 4200 1524 4254 boun
1599 4249 1600 4257 ,

342 4293 419 4354 (ud.)
436 4291 529 4341 virt.0
