3304 5134
93 555 159 602 cap.
180 534 246 604 ΙΙΙ]
292 539 346 588 DE
362 537 673 586 CONTBARIETATE
688 538 854 587 DUORUM
868 537 1111 588 Domuum.
1240 544 1299 602 701

96 719 134 771 et
157 710 227 789 lege
250 711 364 772 domini
387 720 433 772 eet
454 721 584 784 remota,
617 732 686 772 eum
718 713 749 772 in
778 732 888 790 penam
915 711 1034 790 peccati
1056 711 1197 790 superbie
1220 712 1302 772 edifi-

97 815 246 874 cancium
269 814 376 875 turrim
398 814 496 876 Babel
525 825 570 876 est
598 815 706 876 divisio
728 815 907 894 linguarum
935 837 954 876 e
976 816 1033 876 deo
1060 823 1091 876 et
1112 835 1167 894 per
1189 815 1303 894 dyabo-

97 917 171 978 lum
192 917 375 978 introducta.

623 1159 708 1220 OAP.
733 1161 788 1219 111.

192 1331 299 1390 Restat
320 1350 484 1408 parumper
506 1329 618 1401 videre,
643 1330 794 1409 quomodo
821 1329 877 1390 bec
900 1351 949 1390 ars
972 1331 1194 1408 nigromantiae
1216 1333 1303 1394 sedu-

66 1433 151 1494 exit
175 1433 320 1511 plurimos
342 1432 373 1493 in
396 1431 525 1494 eeclesia
548 1433 707 1494 militante.

192 1536 249 1598 Est
271 1545 373 1597 autem
395 1536 518 1596 infamis
541 1535 707 1608 binarius,‘⁸
729 1536 760 1596 in
784 1557 843 1615 quo
870 1535 957 1596 multi
981 1536 1150 1616 philoeapti
1174 1559 1192 1600 a
1219 1549 1304 1601 scota

98 1649 133 1700 et
157 1639 227 1718 lege
249 1639 363 1700 domini
385 1647 457 1700 sunt
477 1639 605 1699 seducti.
633 1677 674 1684 -
697 1637 842 1716 Arguunt
863 1639 944 1699 enim
971 1640 1096 1720 quidam
1123 1641 1228 1720 ydiote
1250 1663 1304 1720 per

97 1745 195 1803 istam
219 1752 328 1815 artem,
362 1742 443 1822 quod
470 1741 590 1802 dotaeio
617 1742 649 1802 in
672 1740 801 1802 ecclesie
823 1742 881 1802 fuit
904 1752 1009 1802 sancte
1032 1751 1063 1804 et
1084 1744 1237 1805 meritorie
1259 1745 1303 1805 in·

98 1845 255 1918 troducta‚
280 1846 351 1926 quia
373 1865 454 1924 papa
477 1843 632 1917 Silvester,
656 1844 743 1905 multi
766 1845 863 1904 sancti
886 1844 1019 1923 episcopi
1043 1855 1075 1906 et
1096 1845 1223 1908 abbates
1246 1848 1304 1909 ista

50 1967 86 2012 10
99 1948 267 2008 dotacione
290 1949 334 2008 usi
350 1948 472 2008 fuerant
487 1957 518 2008 et
532 1947 732 2028 approbative
747 1947 845 2026 ipsam
860 1955 1106 2026 acceptaverunt,
1126 1970 1198 2026 ergo
1214 1949 1301 2010 bene.

193 2049 255 2112 Sed
285 2051 326 2112 ad
357 2050 576 2112 declarandum
607 2049 763 2111 fallacium
799 2050 889 2110 buius
926 2050 1051 2128 argucie
1082 2052 1303 2128 nigromantice

97 2163 226 2232 oportet
248 2175 356 2234 cepere
378 2163 534 2234 tamquam
558 2152 658 2226 fidem,
691 2153 772 2232 quod
798 2174 861 2214 non
883 2153 1020 2232 sequitur
1042 2153 1080 2213 de
1101 2153 1203 2235 aliquo
1232 2177 1303 2234 epo-

97 2256 195 2317 stolo:
220 2257 285 2336 ipse
306 2257 350 2318 sic
372 2265 403 2318 et
424 2257 467 2318 sic
489 2257 613 2327 fecerat,
638 2276 710 2334 ergo
732 2254 819 2327 bene,
843 2256 902 2316 nisi
925 2255 1049 2316 additur
1070 2257 1192 2330 minori,
1222 2259 1304 2338 quod

97 2362 133 2420 in
167 2360 210 2420 sio
241 2360 382 2421 faciendo
411 2367 531 2420 secutus
562 2359 655 2418 fuerit
686 2358 842 2419 dominum
870 2358 972 2419 Iesum
996 2355 1140 2420 Oristum.
1185 2359 1304 2422 Cristus

51 2483 85 2528 15
98 2463 186 2524 enirn
209 2473 255 2524 est
276 2464 458 2542 principium
481 2471 512 2523 et
527 2460 651 2523 coraule
666 2462 872 2541 cuiuscunque
887 2461 986 2540 operis
1009 2462 1154 2523 meritorii
1176 2463 1303 2524 membri

98 2567 160 2638 sui,
185 2587 255 2626 oum
277 2566 367 2627 modo
390 2565 522 2626 mirabili
545 2565 630 2626 ducit
651 2573 753 2644 patres
775 2565 851 2643 legis
873 2565 985 2626 veteris
1006 2585 1062 2643 per
1084 2565 1166 2626 viam
1189 2567 1303 2627 domini

99 2669 144 2729 ed
167 2669 299 2748 petriam
322 2669 506 2730 incedentes.

192 2770 323 2850 Oportet
344 2792 416 2850 ergo
438 2771 568 2833 fundare
589 2773 621 2832 in
642 2771 716 2844 fide,
745 2770 825 2850 quod
847 2770 904 2831 iste
927 2791 1015 2850 pape,
1041 2771 1175 2850 episcopi
1198 2781 1229 2832 et
1250 2772 1303 2833 ab·

99 2876 193 2936 bates
223 2875 255 2935 in
286 2875 484 2955 approbando
516 2875 707 2937 dotacionem
738 2873 832 2934 talem
864 2873 960 2953 secuti
992 2874 1116 2934 fuerent
1145 2874 1303 2935 dominum

49 2979 207 3044 colosum
231 2977 377 3051 Cristum3
402 2987 433 3040 et
453 2987 527 3040 tunc
549 2977 627 3038 bene
649 2977 798 3056 sequitur,
828 2976 909 3056 quod
931 2975 1010 3037 bene
1032 2985 1064 3038 et
1085 2977 1237 3038 meritoria
1259 2978 1302 3038 sic

100 3083 254 3142 fecerunt.

192 3183 254 3244 Sed
277 3205 346 3245 cum
368 3185 399 3245 in
416 3183 515 3245 Crieto
538 3204 599 3244 non
621 3183 745 3242 fuerant
759 3191 805 3242 set
820 3191 851 3242 et
871 3203 942 3254 non,
966 3190 1001 3242 ut
1021 3191 1108 3261 putet
1124 3181 1157 3243 II
1172 3182 1241 3244 Cor.
1260 3180 1303 3258 1,ὸ

101 3285 225 3348 Cristus
247 3297 348 3348 autem
376 3287 543 3348 seeundum
575 3287 674 3364 legem
697 3306 783 3346 suam
811 3286 964 3364 duplicem
997 3285 1151 3364 prohibuit
1177 3287 1303 3350 elericos

101 3411 176 3450 euos
198 3391 241 3450 sic
264 3390 372 3463 dotari,
396 3400 428 3451 et
448 3392 480 3450 in
503 3409 632 3468 persona
659 3389 782 3468 propria
809 3410 844 3450 ac
867 3388 929 3448 suis
957 3389 1101 3466 apostolis
1123 3389 1180 3450 boc
1203 3410 1302 3451 serva·

51 3515 88 3559 *25
103 3494 159 3564 vit,
184 3493 379 3553 manifestum
403 3503 457 3565 est,
481 3492 562 3574 quod
585 3512 655 3570 pers
677 3490 735 3550 sibi
750 3491 902 3552 contraria
921 3511 976 3570 per
991 3492 1180 3552 anticristum
1203 3493 1304 3555 lueret

101 3595 289 3656 introducta.
336 3595 422 3656 Siout
444 3617 515 3674 ergo
537 3616 598 3656 non
625 3594 774 3674 sequitur:
797 3593 919 3668 Petrus,
943 3593 1072 3667 Paulus,
1096 3595 1149 3654 filii
1171 3593 1302 3656 Zebedei

102 3709 136 3758 et
159 3696 300 3758 Scariotb
323 3699 365 3760 sic
388 3701 534 3771 fecerunt,
559 3719 630 3776 ergo
653 3696 833 3777 relinquitur
855 3698 1005 3758 cristianis
1033 3697 1073 3757 ad
1096 3697 1301 3758 imitucionem

101 3822 211 3862 eorum
242 3801 344 3862 taliter
374 3801 563 3874 faciendum,
596 3803 640 3861 ite
671 3821 732 3860 non
763 3801 911 3879 sequitur:
943 3801 993 3860 isti
1016 3800 1116 3860 vocati
1138 3800 1237 3860 saneti
1259 3800 1302 3862 sie

101 3905 254 3976 fecerunt,
277 3925 349 3984 ergo
371 3905 463 3978 bene,
492 3905 551 3966 nisi
573 3905 677 3976 docto,
710 3902 791 3983 quod
813 3904 844 3964 in
867 3903 924 3964 hoo
946 3903 1042 3963 secuti
1064 3903 1188 3963 fuerant
1209 3903 1303 3964 domi-

52 4028 179 4076 acnum
201 4005 304 4068 Iesum
326 4007 469 4068 Cristum.

323 4233 398 4282 cer.
412 4232 470 4280 rrr.
499 4235 511 4258 ⁰
532 4229 590 4278 raa
607 4229 723 4279 ernanus
740 4229 843 4292 atem
855 4228 951 4277 cresces
962 4226 1031 4291 orry
1043 4227 1083 4274 ae
1097 4227 1194 4275 Actor
1211 4227 1236 4274 a
1253 4227 1303 4274 aa

278 4321 329 4368 and
346 4321 385 4368 tae
402 4319 528 4381 sollertius)
546 4318 648 4379 chapter
716 4311 727 4342 ⁶
744 4333 766 4364 v.
778 4319 809 4365 19
