3260 5136
102 544 157 590 cop.
177 524 226 593 ΙΙ]
452 528 507 576 DE
523 527 739 576 RELIGIONE
755 527 915 575 PBH'ATA
934 527 958 574 1.
1242 533 1305 589 493

188 699 389 778 Assumptum
421 700 463 760 sic
495 699 647 778 arguitur:
680 699 776 759 omnis
798 709 1016 777 contempnens
1038 700 1150 777 eligere
1173 700 1305 760 medium

101 803 157 862 sibi
181 803 288 880 apcius
311 823 366 882 pro
388 803 571 864 execucione
593 802 748 881 religionis
771 801 938 862 communis
961 812 995 861 ut
1016 803 1058 862 sic
1081 811 1203 881 peccat;
1237 823 1306 864 cum

101 926 173 983 ergo
205 907 302 966 omnis
332 906 505 982 ingrediens
536 904 711 984 religionem
744 905 895 984 privatam
918 905 950 964 in
971 905 1014 965 sic
1037 901 1210 983 eligendo¹⁸
1233 905 1308 965 facit

101 1009 273 1069 huiuamodi
296 1018 511 1087 contemptum,
536 1009 670 1088 sequitur
693 1018 881 1086 assumptum
904 1008 1105 1086 probandum.

79 1091 97 1180 t.
186 1111 279 1172 Patet
300 1113 519 1191 consequentia
541 1133 611 1172 cum
634 1111 740 1171 maiori
763 1121 793 1171 et
814 1112 912 1170 minor
934 1131 989 1189 per
1010 1109 1077 1184 hoc,
1106 1111 1187 1191 quod
1210 1111 1306 1170 omnis

100 1216 274 1292 ingrediens
305 1215 481 1292 religionem
513 1216 664 1294 privatam
696 1214 884 1292 contempnit
915 1213 1026 1291 eligere
1057 1215 1191 1274 medium
1227 1213 1305 1274 illud

102 1338 153 1396 pro
176 1318 362 1378 execuoione
384 1317 537 1395 religionis
559 1318 735 1390 communis,
753 1325 764 1386 11
782 1317 862 1397 quod
885 1327 987 1396 patres
1009 1317 1161 1396 primitive
1177 1316 1304 1378 ecclesie

101 1431 169 1481 ante
190 1419 452 1481 introduccionem
475 1420 627 1497 religionis
649 1420 768 1498 private
791 1431 986 1480 asseruerunt
1007 1419 1037 1478 in
1058 1439 1147 1498 opere
1164 1439 1228 1480 esse
1243 1441 1304 1479 me·

101 1524 182 1583 dium
215 1523 459 1584 efficacissimum
489 1521 628 1582 omnibus
659 1523 808 1583 cristianis
845 1542 900 1600 pro
938 1521 1121 1583 exeoncione
1152 1523 1305 1600 religionis

67 1626 278 1693 mcommunis.

628 1833 714 1891 CAP.
738 1832 777 1891 ΙΙ.

183 2003 278 2064 Item:
301 2003 408 2082 religio
424 2004 544 2082 privata
562 2003 692 2064 includit
713 2004 745 2063 in
760 2023 792 2064 se
807 2003 1012 2064 excelleueius
1027 2003 1191 2063 stulticiam
1207 2002 1301 2074 illam,

102 2125 189 2185 quam
221 2105 353 2166 includit
388 2106 419 2166 iu
450 2127 480 2167 se
509 2107 573 2166 vita
604 2107 725 2186 privata
756 2106 909 2178 secularis,
942 2127 1033 2186 quam
1055 2105 1130 2166 facit
1151 2105 1218 2184 ipsa
1241 2107 1304 2166 vita

102 2209 257 2278 secularis;
283 2203 369 2268 cum¹
393 2229 464 2286 ergo
483 2208 546 2268 vita
562 2209 683 2287 privata
698 2209 842 2269 secularis
857 2219 981 2287 propter
997 2207 1089 2268 talem
1104 2207 1302 2269 inclusionem

102 2322 144 2372 est
165 2310 340 2392 culpabilis,
374 2311 516 2391 sequitur,
541 2311 622 2391 quod
644 2311 750 2389 religio
773 2312 895 2390 privata
918 2321 1042 2391 propter
1064 2310 1236 2374 huiusmodi
1260 2312 1303 2372 in·

67 2414 265 2479 inclusionem
288 2423 333 2475 est
355 2413 424 2492 plus
446 2413 618 2493 culpabilis.

182 2517 278 2578 Patet
299 2518 518 2596 consequencia
542 2529 572 2578 et
594 2518 692 2578 minor
713 2538 768 2596 per
789 2517 857 2589 hoc,
881 2515 962 2596 quod
983 2511 1064 2576 vita²
1083 2517 1204 2596 privata
1219 2537 1303 2578 secu·

102 2621 169 2681 laris
198 2619 331 2681 includit
360 2619 391 2679 in
423 2639 454 2680 se
485 2619 714 2682 observanciam
745 2620 849 2699 regule
877 2619 1009 2680 humane
1032 2619 1198 2680 secundum
1221 2640 1303 2680 men-

101 2745 197 2784 suram
232 2722 327 2794 illam,
360 2742 420 2802 qua
442 2743 542 2783 errore
569 2723 762 2804 perceptibili
784 2723 835 2783 vel
856 2721 1090 2802 imperceptibili
1112 2723 1235 2802 ponitur
1262 2722 1302 2782 ab

102 2825 218 2888 homine
257 2827 289 2886 in
320 2845 384 2886 esse
422 2825 526 2903 regule
556 2826 597 2887 ad
628 2825 801 2887 ducendum
834 2826 964 2886 riennes
999 2825 1039 2885 ad
1071 2824 1300 2886 beatitudinem.

65 2927 194 2991 eollaior
225 2949 298 2988 vero
330 2928 372 2990 sic
396 2929 546 3006 arguitur:
578 2949 676 3002 omne,
709 2929 790 3008 quod
812 2928 943 2989 includit
963 2929 995 2987 in
1017 2949 1048 2988 se
1071 2927 1300 2988 observanciam

100 3032 226 3092 stulticie
255 3041 286 3091 et
312 3041 415 3092 votum
445 3031 485 3090 ad
515 3031 601 3092 illam
624 3030 863 3104 observanciam,
890 3030 1021 3091 includit
1041 3031 1074 3090 in
1096 3051 1127 3090 se
1150 3030 1301 3091 excellen-

101 3135 160 3194 cius
181 3134 347 3194 stulticiam
369 3133 455 3194 illam
479 3154 569 3213 quam
592 3133 678 3206 illud,
712 3135 793 3215 quod
815 3133 945 3196 includit
966 3135 1048 3192 inse
1070 3133 1300 3194 observanciam

100 3235 176 3297 illius
198 3237 331 3297 snssficie
354 3246 384 3296 et
407 3256 467 3296 non
490 3246 594 3296 votum
617 3237 657 3296 ad
680 3237 778 3310 illam;
808 3258 877 3298 curu
900 3256 972 3314 ergo
995 3237 1091 3296 omnis
1112 3235 1219 3314 religio
1242 3237 1301 3316 pri-

101 3349 168 3400 vata
189 3339 321 3400 includit
339 3339 370 3398 in
386 3359 417 3399 se
433 3339 662 3400 observanciam
678 3339 783 3418 regule
799 3339 930 3400 humone
946 3339 1112 3400 secundum
1129 3359 1301 3423 mensuram

65 3440 189 3514 atillam,
213 3463 275 3522 qua
298 3462 397 3503 errore
419 3442 613 3522 perceptibili
635 3443 684 3502 vel
706 3441 941 3522 imperceptibili
968 3443 1091 3520 ponitur
1117 3442 1157 3502 ab
1180 3442 1301 3502 homine

100 3543 208 3606 inesse
231 3545 336 3623 regule
360 3545 399 3605 ad
423 3546 595 3606 ducendum
611 3546 742 3606 viatores
765 3545 804 3604 ad
820 3543 1038 3604 beatitudinem
1055 3555 1211 3624 tamquam
1227 3545 1300 3604 stul·

101 3645 197 3706 ticiam
221 3658 252 3708 et
274 3659 377 3708 votum
401 3648 440 3708 ad
463 3648 557 3720 illam,
591 3658 622 3707 et
643 3648 706 3708 vita
728 3649 850 3727 privata
872 3646 1017 3708 secularis
1039 3647 1191 3708 includit³
1214 3647 1299 3706 inse

100 3748 192 3826 ipsam
214 3749 444 3812 observanciam
467 3761 622 3830 tamquam
645 3750 809 3812 stulticiam
831 3751 894 3810 sine
917 3759 988 3810 voto
1010 3750 1051 3810 ad
1066 3769 1142 3822 eam,
1166 3749 1301 3830 sequitur

102 3852 191 3912 maior
211 3853 380 3932 probanda.

67 3971 94 4016 tc
181 3955 272 4016 Item:
306 3957 402 4016 omnis
424 3957 529 4035 religio
553 3956 691 4035 obligans
714 3977 801 4016 suum
824 3956 1033 4034 professorem,
1066 3955 1138 4014 dum
1162 3966 1207 4015 est
1229 3955 1298 4015 sub·

107 4073 363 4082 —--—-—-—-

165 4123 187 4152 ¹⁰
204 4127 327 4193 eligendo
338 4123 402 4196 ΑΟβ
437 4126 636 4192 ingrediendus

166 4213 241 4260 ΟΑΡ.
260 4213 302 4261 ΙΙ.
338 4209 539 4280 ¹cuanpm¹
551 4213 597 4274 (l)
609 4229 674 4261 com
692 4213 759 4260 later
776 4215 827 4261 into
845 4214 885 4260 ue
902 4215 954 4260 un
988 4213 1069 4260 ΜΛ
1139 4207 1297 4270 ²vitaAGd

135 4311 206 4348 omo
277 4294 461 4348 'includitt‘c
498 4297 598 4367 omnip

1319 1325 1320 1332 ’
1341 1325 1408 1375 Osci.
1418 1327 1468 1364 185⁶
