3304 5134
401 485 461 542 710
821 477 1013 525 IOHANNIS
1036 477 1177 534 WIOLIF,
1437 473 1504 542 [cap.
1525 477 1588 523 I'III

398 661 484 730 patet
506 651 543 711 de
565 649 657 710 Patro
680 659 711 710 et
732 649 839 710 ceteris
861 657 892 709 et
914 649 1104 727 generaliter,
1126 658 1162 709 ut
1180 659 1267 728 patet
1285 649 1323 710 de
1337 647 1483 710 fidelibus
1505 669 1584 709 sacer·

399 754 521 816 dotibus
551 763 667 814 sectam
697 772 783 814 suam
813 772 890 832 pure
912 751 1099 824 tenentibus,
1133 772 1152 812 a
1183 772 1243 832 qua
1265 753 1365 814 vocali
1388 753 1584 814 nominacione

399 868 480 918 seete
495 867 627 936 quatuor
642 856 763 934 cognite
778 864 850 915 sunt
869 863 1020 934 exempta.
1058 854 1133 916 Ideo
1149 856 1236 916 vivat
1258 856 1401 916 sacerdos
1423 855 1489 932 legi
1511 853 1583 914 Crini
1623 923 1624 934 χ

399 960 609 1032 conformiter,
642 967 673 1020 et
703 959 802 1018 audeo
834 957 949 1030 dicere,
984 958 1064 1038 quod
1087 958 1120 1017 in
1141 957 1243 1019 verbis
1266 958 1430 1038 applicatis
1454 957 1583 1039 apostolis
1623 941 1624 1020 l

399 1072 513 1123 statum
535 1083 623 1122 suum
640 1060 767 1133 Cristus,
790 1060 863 1121 licet
885 1060 1077 1138 generaliter,
1100 1061 1255 1122 limitavit.
1623 1047 1624 1078 ³

485 1166 628 1226 Doceant
660 1185 732 1242 ergo
754 1163 878 1235 fratres,
903 1163 1070 1224 secundum
1093 1183 1245 1242 ysagogas
1267 1162 1408 1223 Porlirii⁰
1429 1163 1486 1224 vel
1507 1176 1583 1222 artem
1623 1139 1624 1176 ἶ

399 1290 486 1330 suam
508 1268 777 1345 nigromanticum,
801 1267 883 1347 quod
906 1265 1024 1326 Cristus
1046 1276 1160 1328 statum
1184 1287 1273 1327 suum
1296 1265 1475 1346 aliqualiter
1496 1286 1583 1345 appio

399 1372 493 1445 bavit,
519 1383 549 1432 et
570 1381 643 1431 tunc
667 1371 705 1430 dc
727 1379 813 1430 tanto
836 1379 866 1429 et
888 1390 950 1429 non
973 1370 1105 1449 amplius
1127 1379 1198 1431 sunt
1219 1369 1380 1429 fundandi.

485 1475 559 1535 Ideo
582 1472 765 1534 erubescant
785 1472 1000 1550 nigromantici
1027 1493 1156 1552 arguere
1183 1471 1274 1552 quod,
1304 1480 1402 1532 status
1423 1472 1583 1532 individuus

400 1578 567 1639 sacerdotis
589 1597 650 1637 non
664 1575 734 1656 plus
750 1595 841 1655 quam
857 1585 954 1636 status
970 1576 1121 1653 generalis
1139 1575 1274 1653 religiosi
1296 1574 1386 1635 hodie
1408 1575 1607 1635 introducunt:¹

400 1691 446 1742 est
472 1701 491 1742 a
519 1680 641 1740 domino
673 1677 875 1758 approbatus,
907 1679 980 1757 quia
1009 1679 1184 1738 sacerdotes
1213 1677 1324 1739 docere
1354 1687 1501 1756 possunt,
1530 1697 1583 1755 quo

399 1785 490 1845 modo
512 1793 610 1844 status
632 1801 705 1842 suus
734 1780 899 1858 generalis,
923 1780 1005 1840 ‘licet
1025 1781 1058 1840 in
1084 1780 1189 1841 multis
1216 1780 1445 1858 degenerante
1472 1779 1582 1849 domino,

400 1885 601 1966 approbatur,
635 1884 690 1944 sed
717 1885 774 1944 iste
802 1893 883 1944 secte
905 1904 962 1944 neo
984 1893 1112 1962 possunt
1137 1882 1298 1943 individua
1319 1903 1376 1944 nec
1399 1903 1515 1962 genera
1534 1901 1584 1942 suo

398 2010 467 2049 rum
489 1997 624 2048 statuum
646 1987 793 2047 invenire.

485 2091 559 2152 Ideo
582 2090 689 2150 dicunt
711 2089 849 2170 quidam,
881 2090 962 2171 quod
989 2087 1108 2149 Cristae
1134 2107 1307 2169 numquam
1339 2087 1524 2166 generaliter
1546 2085 1608 2144 vela

400 2193 573 2273 specialiter
596 2194 634 2254 de
656 2195 729 2273 ipsis
752 2193 880 2254 recoluit
902 2192 960 2252 nisi
981 2191 1061 2252 forte
1080 2190 1275 2270 reprobative
1298 2211 1337 2250 ex
1359 2191 1429 2264 hoc,
1454 2191 1532 2271 quod
1551 2204 1583 2248 cst

400 2297 590 2369 omnisciens,
615 2318 684 2357 cum
706 2297 818 2357 Matth.
844 2299 905 2356 251'
927 2296 958 2355 in
980 2295 1079 2355 forma
1110 2293 1265 2356 fatuarum
1294 2294 1447 2371 virginem
1469 2291 1583 2370 deipsis

399 2400 545 2480 loquitur:
570 2421 659 2460 amen
680 2400 749 2460 dico
773 2398 869 2471 vobis,
894 2398 997 2458 nescio
1019 2417 1082 2457 vos.

483 2501 549 2564 Ista
571 2523 672 2582 pauca
694 2502 871 2562 nunciative
893 2501 1033 2572 dixerim,
1057 2507 1091 2559 ut
1112 2499 1226 2561 veritas
1249 2499 1401 2579 scripture
1431 2498 1583 2560 occasions·

398 2607 469 2668 liter
490 2606 559 2685 plus
581 2605 727 2666 lucescat.
1591 2613 1594 2618 '

900 2844 986 2903 OAP.
1018 2843 1098 2902 VIII.

484 3017 536 3076 Ex
558 3017 622 3077 istis
645 3015 799 3093 colligitur
827 3014 964 3075 condicio
995 3014 1124 3074 istarum
1152 3031 1302 3073 novarum
1334 3021 1499 3082 sectmum,
1529 3027 1581 3070 cum

399 3131 556 3202 tamquam
578 3119 661 3179 fures
689 3117 867 3179 abscondite
888 3117 920 3176 in
943 3116 1105 3177 ecclesiam
1132 3115 1306 3175 introducto
1326 3115 1510 3194 impugnant
1528 3111 1582 3171 tide

398 3225 443 3286 les
465 3223 611 3304 precipue
633 3222 671 3281 de
693 3221 806 3293 heresi,
834 3221 913 3281 sicut
934 3218 1103 3280 latrunculi
1128 3219 1162 3278 in
1183 3215 1325 3279 noctibus
1348 3217 1509 3296 imponunt
1527 3213 1582 3273 fide

399 3327 489 3400 libus,
513 3325 594 3406 quod
610 3323 649 3386 ab
672 3324 716 3384 eis
738 3323 816 3384 tales
835 3322 949 3401 cogniti
972 3331 1043 3382 sunt
1064 3321 1208 3382 latrones.
1252 3319 1391 3382 Maniaci
1412 3317 1530 3400 quidem
1549 3335 1581 3374 re

401 3439 512 3510 putant
533 3428 609 3489 alios
632 3447 699 3488 esse
721 3425 808 3487 tales.
1588 3405 1624 3465 a?

228 3533 386 3583 illst-*⁸⁶
485 3532 613 3592 Ducunt
635 3539 738 3591 eutem
770 3549 809 3588 ex
833 3548 889 3589 sua
912 3528 1016 3588 mania
1047 3525 1271 3605 nigromantiae
1298 3524 1424 3604 plebeos
1450 3525 1483 3584 in
1503 3522 1568 3582 hanc
1623 3513 1624 3568 l

399 3635 543 3707 heresim,
576 3633 657 3714 quod
688 3632 740 3692 lex
760 3629 853 3691 Cristi
881 3629 1028 3690 ostfaloa
1055 3638 1087 3690 et
1109 3629 1149 3688 ad
1175 3628 1312 3705 regimen
1339 3626 1466 3688 ecclesie
1487 3619 1581 3684 insuffl

401 3740 492 3810 ciens,
516 3737 574 3796 nisi
597 3735 678 3815 quod
693 3755 749 3814 per
763 3734 844 3812 ipsos
867 3741 898 3794 et
912 3752 1001 3793 suum
1016 3731 1155 3810 regimen
1170 3738 1217 3791 est
1231 3729 1347 3790 adiuta.
1389 3728 1431 3789 Et
1450 3729 1508 3788 ista
1527 3743 1579 3784 cun

400 3842 462 3904 suis
484 3839 680 3920 sequentibus
703 3837 886 3898 aetheraeis
908 3835 1081 3896 manifesta.
1106 3867 1147 3875 —

486 3942 605 4003 Dicunt
626 3941 774 4012 secundo,
799 3938 880 4020 quod
901 3937 1008 4015 religio
1030 3956 1109 4016 pura
1132 3934 1225 3996 Cristi
1248 3955 1310 3995 non
1332 3941 1379 3994 est
1401 3933 1442 3993 ita
1463 3929 1604 4010 persecut*

401 4047 480 4108 sicut
494 4039 601 4123 religio
617 4064 681 4116 sua,
705 4042 737 4102 in
753 4052 898 4120 tempore,
915 4060 974 4120 quo
990 4039 1107 4100 solutus
1123 4047 1169 4098 est
1184 4037 1340 4108 sathanas,
1361 4033 1535 4096 mendicata.
1549 4059 1578 4067 ’

616 4251 627 4274 ⁶
645 4265 683 4310 ep.
702 4247 776 4296 abone
793 4261 848 4308 cap.
871 4244 914 4292 VI
928 4248 1014 4293 coice
1080 4245 1095 4276 Ρ
1113 4259 1134 4291 v,
1149 4245 1180 4291 12
