3242 5138
89 558 140 604 cap.
164 539 204 588 VI
210 537 217 560 ¹
413 539 468 589 DE
484 541 749 591 PERFEOTIONE
767 542 951 594 STATUUM,
1221 552 1283 608 477

87 713 160 772 tanti
192 711 328 784 ecclesie,
360 711 384 773 ri
415 733 490 792 pure
521 712 696 775 observaret
726 716 790 776 sine
820 715 933 776 talibus
964 715 1041 777 fictis
1068 717 1285 779 tradicionibus

88 816 182 894 legem
207 814 307 877 Cristi.
351 814 432 876 Nam
464 816 611 897 quidquid
639 818 855 896 superadditur
884 819 934 880 vel
956 818 996 879 ab
1018 820 1076 880 ista
1099 818 1285 882 subtrahitur

87 929 129 979 est
149 928 320 998 peccatum.

167 1021 212 1082 Et
241 1021 439 1100 intelligendo
470 1022 753 1101 superaddicionem
784 1023 937 1084 sentencie
959 1032 1114 1104 tamquam
1141 1025 1226 1104 legis,
1251 1037 1285 1088 ut

66 1125 165 1203 tleges
188 1125 310 1186 novelle
334 1133 405 1186 sunt
424 1132 543 1186 tantum
563 1124 613 1185 vel
632 1124 702 1204 plus
722 1125 906 1204 appreciata,
926 1146 1017 1206 quam
1037 1127 1087 1188 lex
1103 1127 1152 1188 dei
1170 1137 1282 1202 eterna,

87 1241 116 1287 ot
145 1237 232 1307 patet
263 1227 301 1288 de
332 1227 431 1288 studio
455 1227 493 1288 de
515 1227 654 1305 profectu
676 1227 727 1288 vel
749 1229 873 1307 premio,
906 1225 1022 1309 quodfl
1045 1229 1094 1290 bio
1117 1231 1284 1310 accipimus

86 1342 206 1411 propter
237 1331 332 1403 illam,
365 1339 396 1392 et
426 1329 521 1391 nichil
551 1329 702 1391 infidelius
733 1337 764 1391 et
794 1331 892 1409 magis
923 1332 1099 1406 hereticum,
1132 1353 1201 1394 curn
1232 1334 1283 1395 lex

86 1431 233 1511 legiferi*⁵
265 1443 295 1494 et
325 1433 391 1512 ipsc
421 1432 547 1512 legifer⁹
569 1433 682 1494 debent
704 1454 780 1514 eque
803 1434 886 1494 laute
909 1434 1004 1512 diligi.
1049 1435 1092 1496 Et
1113 1437 1155 1497 sio
1178 1447 1284 1498 contra

86 1539 214 1616 primum
228 1537 405 1597 mandatum
425 1535 565 1614 decalogi
587 1536 718 1597 cultores
740 1533 949 1597 tradicionis‘⁶
972 1538 1104 1599 humane
1119 1537 1281 1618 dilignnt⁴⁷

53 1641 177 1718 relegam
202 1659 290 1700 suam
312 1649 343 1700 et
365 1639 429 1699 eius
450 1639 610 1717 legiferum
633 1638 702 1718 plns
724 1660 815 1720 quam
839 1640 939 1701 deum.

165 1743 199 1804 Si
229 1762 300 1820 ergo
323 1742 361 1802 sit
383 1751 542 1820 peccatum
566 1741 772 1822 dampnabile,
802 1742 915 1804 habere
943 1744 1061 1821 pondus
1089 1745 1131 1818 (et
1153 1746 1282 1824 pondusl

85 1846 129 1906 rel
150 1845 246 1907 aliam
268 1865 441 1906 mensuram
464 1844 618 1923 duplicem
639 1865 694 1924 pro
716 1846 855 1924 proximo
876 1847 908 1906 in
929 1846 1147 1925 temporalibus
1163 1848 1282 1909 defrau-

85 1949 190 2022 dando,
217 1956 330 2028 quanto
353 1948 450 2025 magis
472 1955 633 2026 peccatum
655 1957 701 2008 est
715 1949 838 2027 gravius
852 1949 987 2009 iniuriari
1003 1950 1060 2010 deo
1075 1951 1106 2009 in
1122 1949 1281 2011 volucione

84 2053 171 2113 animi
192 2051 293 2129 magis
315 2049 464 2129 diligibile
486 2050 714 2130 postponendo?
750 2051 793 2111 Et
815 2051 855 2112 ad
877 2051 966 2112 istam
988 2051 1128 2112 fraudem
1151 2053 1282 2132 religiosi

50 2155 127 2215 nisti
148 2154 265 2215 novelli
288 2163 359 2214 sunt
380 2152 581 2214 insolubiliter
602 2153 759 2233 implicati,
792 2154 872 2234 quia,
902 2162 935 2213 ut
957 2153 1030 2214 dicit
1052 2175 1108 2215 sua
1130 2154 1279 2234 obligacio

83 2267 110 2317 et
138 2253 295 2336 wlgaris⁴⁸
326 2256 452 2328 eleccio,
488 2256 557 2335 plus
593 2256 767 2335 obligantur
797 2277 851 2317 sno
887 2257 985 2318 ordini
1021 2277 1112 2338 quam
1144 2258 1280 2335 religioni

83 2361 209 2440 simplici
232 2360 386 2430 cristiane;
411 2367 441 2418 et
462 2359 514 2420 lex
537 2359 586 2420 dei
608 2360 683 2420 dicit
704 2362 884 2440 oppositum.
921 2359 996 2420 Ideo
1018 2361 1189 2420 necessitati
1211 2371 1282 2421 sunt

84 2463 127 2523 vel
156 2463 299 2524 fraudem
330 2463 433 2524 iacere
463 2461 520 2523 deo
551 2462 601 2523 vel
624 2463 722 2523 ordini
744 2483 797 2523 suo
820 2463 869 2524 vel
891 2463 991 2541 ipsum
1014 2471 1168 2542 tamquam
1192 2483 1280 2524 vene·

82 2587 182 2626 nissum
207 2575 430 2644 contempnere.

47 2677 74 2724 to
161 2669 238 2729 Ideo
270 2688 339 2729 cum
371 2688 514 2747 magnam
537 2669 598 2729 vim
622 2669 716 2730 habet
737 2663 901 2748 simplex⁴⁹
924 2668 1067 2730 cristiana
1089 2669 1204 2748 religio,
1237 2672 1278 2731 vi·

81 2771 164 2832 detur
194 2771 299 2832 multis
329 2769 497 2850 probabile,
530 2772 611 2852 quod
642 2771 769 2852 quilibet
799 2773 838 2834 de
860 2773 1005 2851 religione
1026 2773 1084 2834 ista
1105 2774 1227 2852 privata
1249 2785 1279 2834 et

81 2875 249 2952 specialiter
271 2873 407 2953 prelatus
429 2873 479 2934 vel
502 2875 565 2936 eius
588 2876 758 2955 prepositus
780 2875 956 2955 principalis
979 2875 1071 2936 debet
1091 2876 1188 2955 ipram
1209 2897 1278 2936 con·

80 2986 234 3056 tempnere
266 2987 297 3037 et
328 2984 476 3056 quantum
507 2977 619 3039 sufficit
649 2979 713 3040 eius
736 2978 966 3040 observanciam
989 2979 1151 3039 deotmaro.
1196 2979 1277 3040 Nam

80 3077 185 3140 illud⁶⁰
206 3079 348 3160 implicat
369 3079 504 3140 humana
525 3081 640 3160 religio,
673 3081 722 3142 cui
752 3082 822 3161 plus
844 3101 936 3162 quam
957 3082 1014 3142 isto
1037 3082 1157 3162 privato
1180 3082 1277 3142 ordini

45 3179 256 3261 resingulari⁵¹
279 3182 463 3261 obligantur.
507 3182 588 3243 Nam
611 3204 681 3244 cum
702 3185 761 3244 ista
783 3185 904 3263 privata
925 3184 1031 3262 religio
1053 3185 1277 3265 quodammodo

81 3285 216 3347 diminuit
238 3286 414 3347 accidenoia
437 3293 468 3346 et
489 3281 753 3348 observanciam⁶²
782 3287 936 3365 religionis
958 3286 1103 3365 simplicis
1125 3288 1275 3360 cristiana,

78 3389 141 3467 ipsa
165 3385 291 3450 debet⁵³
312 3399 470 3470 tamquam
492 3389 719 3469 preponderans
741 3411 810 3451 cum
826 3389 963 3472 qualibet
977 3399 1065 3469 parte
1080 3387 1169 3452 sual⁴
1185 3401 1276 3473 atque

80 3503 229 3554 cremento
253 3492 322 3572 plus
345 3492 440 3570 diligi.
484 3492 576 3554 Patet
598 3493 760 3554 conclusio.

290 3701 302 3730 ¹¹
319 3699 336 3745 i.
348 3713 368 3745 e.
382 3697 471 3758 Christ,
483 3713 521 3760 cp-
533 3697 578 3746 De
595 3697 837 3754 Vaticinatr'one,
849 3698 903 3746 cod.
913 3698 991 3762 Prap.
1001 3698 1043 3746 11.
1058 3699 1090 3746 G.
1104 3702 1143 3746 rt.
1156 3698 1202 3762 sol.
1215 3695 1276 3748 Μ’

81 3817 194 3824 ἡ

145 3881 168 3912 “
185 3882 305 3954 anDpl
340 3885 493 3946 etemo(cr.
506 3886 658 3951 oat)qu.E
719 3881 742 3914 ⁴⁸
759 3885 898 3952 legiferiE
932 3881 1100 3954 legiterODffl
1160 3881 1182 3912 ⁴⁶
1200 3885 1276 3935 tradi·

80 3970 158 4020 rionis
168 3967 230 4040 ΟΕβ
259 3970 453 4022 tradicionesD
505 3966 527 3998 ⁴⁷
544 3969 615 4020 hum.
628 3971 671 4021 dil.
687 3969 778 4042 GDEffl
813 3971 926 4022 humane
939 3971 1078 4037 diligenter
1090 3969 1201 4021 cultores
1210 3971 1275 4021 trad.

81 4037 305 4123 nuncnune
364 4053 578 4126 “anemone
612 4057 716 4124 algens
726 4057 868 4115 aalma
885 4053 1109 4123 aowiguoam
1147 4056 1280 4123 wlgataF

80 4137 100 4166 ⁴⁹
117 4141 227 4207 simplex
237 4143 311 4192 CDE
344 4139 419 4212 cmii
492 4138 515 4170 ⁶⁰
532 4142 597 4192 illud
608 4144 681 4193 ODE
713 4141 768 4214 idfi
847 4141 868 4171 ³¹
887 4142 1012 4209 singulari
1022 4142 1096 4191 ODE
1128 4142 1225 4209 singuli
1235 4143 1276 4213 It’fi

81 4221 102 4252 ⁸²
118 4225 345 4299 observancismffl
388 4227 644 4278 observanciaCDE
710 4227 733 4258 ³³
754 4229 834 4281 debet
851 4231 876 4279 in
892 4225 912 4299 β
929 4231 954 4278 tu
971 4245 1034 4278 mor.
1052 4227 1082 4293 by
1100 4229 1140 4277 tae
1157 4230 1277 4279 terthasd

82 4307 102 4338 ⁶⁴
118 4327 165 4362 sua
175 4311 240 4382 ODfl
274 4315 382 4364 ΜΗ
