3312 5128
360 523 421 580 aas
798 513 977 562 senuaar
997 492 1126 563 trusit

356 689 439 738 Nocet
464 701 532 752 papa
558 685 681 750 proximis
707 685 734 734 in
755 684 932 750 spiritualibus
984 685 1011 734 iu
1029 685 1174 734 Novissime
1197 683 1240 734 die
1262 685 1405 750 punientur
1425 684 1562 734 undenis

390 763 417 806 et
434 755 619 820 temporalibus
639 755 695 804 129.
1019 751 1130 802 Cristum
1149 754 1207 802 333.

358 835 451 874 -cent
469 824 566 872 domiui
584 824 632 872 sibi
650 823 711 888 ipsis
728 824 786 872 247.
986 837 1110 872 -vorum
1128 821 1248 872 ordinum
1265 821 1379 871 stulticia
1397 823 1438 871 98.

358 921 388 930 -
408 893 456 943 sibi
473 892 659 941 insensibiliter
671 891 796 941 anticristi
815 890 934 956 discipuli
958 884 960 929 !
985 887 1090 940 Novelli
1115 890 1231 952 ordines,
1258 890 1389 940 saculares
1411 891 1514 940 domiui
1540 903 1560 938 et

391 963 449 1012 372.
958 944 960 1033 i
1019 959 1130 1024 vulgares
1154 957 1327 1009 defenderent
1348 959 1483 1024 quandam
1512 975 1561 1008 seu-

358 1031 456 1080 Nooire
475 1035 501 1079 et
519 1029 648 1094 superfluo
665 1033 735 1078 secte
754 1035 815 1077 sunt
832 1029 890 1079 353.
1019 1028 1133 1078 tenciam
1159 1043 1219 1078 cum
1244 1027 1293 1077 toti
1314 1029 1407 1094 generi
1430 1027 1558 1077 hominum
1613 1035 1614 1046 ¹

360 1127 391 1136 -
410 1105 479 1148 seete
498 1097 596 1146 debent
613 1097 711 1146 destrui
729 1097 787 1146 353.
958 1084 960 1107 ¹
1019 1097 1171 1162 profecisset
1188 1097 1247 1146 284.

358 1167 449 1216 -vius
471 1166 541 1232 quod
564 1173 603 1215 est
626 1166 671 1215 uui
694 1171 733 1214 est
751 1165 826 1215 alteri
845 1165 934 1214 utilius
988 1165 1055 1215 -lle
1073 1171 1143 1215 secte
1161 1165 1259 1230 pluries
1276 1165 1405 1214 innovant
1422 1165 1483 1214 304.

392 1237 449 1286 286.
989 1261 1018 1269 -
1038 1240 1108 1283 seete
1133 1233 1293 1282 inclinantur
1319 1235 1345 1283 in
1372 1233 1435 1292 fide,
1468 1249 1515 1299 spe
1539 1246 1559 1280 s:

358 1305 467 1353 Noctem
485 1308 512 1353 et
529 1303 598 1352 diem
616 1303 758 1352 alternarit
773 1302 838 1352 deus
855 1302 934 1352 homi·
1020 1303 1129 1352 oariuts
1147 1301 1259 1352 delicere
1278 1303 1337 1353 306.

392 1373 432 1421 uis
449 1387 529 1422 causa
547 1374 605 1422 343.
988 1397 1019 1406 -
1037 1376 1108 1421 secte
1125 1370 1256 1436 quomodo
1274 1371 1372 1420 servari
1389 1371 1493 1435 possint
1510 1370 1559 1420 334.

358 1442 550 1491 Nocumentum
562 1441 599 1490 rei
611 1440 715 1506 publice
727 1456 813 1490 muros
830 1454 934 1505 serpen
960 1416 962 1463 Ι
987 1439 1089 1489 Novicii
1106 1439 1183 1489 Oristi
1203 1440 1259 1490 139.

393 1517 432 1559 tes
450 1517 477 1559 et
494 1510 539 1559 alii
557 1509 671 1559 inferunt
689 1511 746 1558 353.
960 1472 962 1587 l
986 1508 1096 1558 Novitas
1114 1508 1232 1558 ordinum
1250 1507 1359 1574 impedit
1375 1507 1557 1573 plenitudinem

359 1578 449 1628 Noluit
466 1578 531 1628 deus
549 1577 695 1627 sacerdotes
719 1594 778 1627 suos
796 1592 855 1627 cum
873 1591 936 1626 cura
1021 1577 1088 1643 legis
1107 1579 1148 1628 96.

392 1647 575 1712 temporalium
592 1645 712 1711 occupari
730 1648 788 1696 563.
989 1673 1020 1683 -
1050 1645 1183 1710 religionis
1217 1645 1325 1694 fratrum
1360 1645 1503 1695 uecessitat
1532 1643 1558 1691 ad

359 1717 461 1766 Nomen
479 1716 571 1781 capitis
593 1715 703 1765 ecclesie
721 1714 805 1764 Gristo
827 1729 843 1764 a
865 1713 935 1763 triui-
1022 1714 1168 1780 ewangelio
1186 1713 1345 1763 obviandum
1364 1715 1406 1764 47.

393 1791 447 1834 tate
466 1789 625 1834 reservatum
645 1791 683 1832 est
702 1785 760 1834 664.
989 1809 1021 1818 -
1033 1789 1162 1832 sectarum
1171 1788 1284 1848 qrratuor
1295 1789 1322 1832 et
1331 1780 1505 1832 tradiciouum
1514 1782 1555 1830 riu·

361 1881 391 1888 -
409 1853 528 1918 accipere
545 1852 661 1902 cristiani
679 1857 705 1901 et
722 1868 775 1901 nou
792 1851 867 1917 sequi
883 1849 935 1900 Gri-
1022 1851 1109 1901 culum
1128 1850 1225 1916 duplex
1244 1851 1301 1902 tte.

393 1927 463 1971 stum
482 1923 538 1971 120.
989 1925 1090 1970 -tates
1107 1919 1251 1984 culpabiles
1268 1918 1375 1969 inducte
1400 1918 1511 1968 fratrmn
1525 1918 1555 1967 tt.

362 2017 394 2026 —-
412 1989 455 2039 dei
472 2005 604 2040 assumere
622 1989 648 2038 iu
667 2004 764 2038 vanum
784 1989 841 2038 118.
989 2013 1021 2024 -
1039 1995 1169 2038 sectarum
1186 1986 1401 2053 pretermitteude
1420 1995 1481 2037 suut
1499 1989 1546 2036 233.

362 2087 393 2094 -
412 2058 524 2108 ‘trabes'
539 2058 642 2108 ssectis
654 2073 701 2122 per
711 2057 849 2123 ypocrisim
863 2072 937 2106 usur·
989 2084 1020 2093 -
1041 2056 1188 2106 fundabiles
1209 2057 1416 2122 superinducunt
1439 2063 1508 2106 secte
1524 2055 1555 2103 ti,

394 2133 484 2191 patum
502 2128 542 2176 at.
988 2133 1092 2191 propter
1110 2153 1142 2160 —-
1165 2125 1309 2191 culpabiles
1335 2131 1406 2174 secte
1435 2122 1556 2190 arguentis

362 2195 466 2244 -miua
483 2199 573 2244 sancta
590 2194 781 2244 coniuratorum
800 2195 842 2244 25.
1023 2199 1083 2242 suut
1099 2195 1140 2244 93.

363 2290 394 2298 -
412 2263 462 2312 tria
481 2263 551 2312 Petri
570 2264 627 2312 663.
990 2261 1120 2312 -tatibus
1132 2268 1240 2312 onerata
1251 2260 1363 2310 ecclesia
1375 2261 1491 2310 militans
1508 2261 1542 2309 59.

362 2337 507 2381 —neteuus
518 2331 595 2397 pauci
606 2337 667 2381 sunt
679 2329 793 2393 heretici,
818 2331 937 2396 quituuc
988 2332 1094 2382 Nubere
1112 2330 1250 2396 prohibent
1266 2335 1337 2379 secte
1354 2331 1396 2379 36.

395 2400 501 2449 stabunt
520 2401 577 2450 39Ί.
962 2443 964 2448 .
989 2399 1065 2450 Nude
1083 2399 1224 2449 verbaliter
1249 2403 1276 2448 et
1298 2413 1361 2448 rere
1384 2398 1491 2448 realiter
1510 2411 1554 2461 pos-

362 2469 496 2518 Nostrates
513 2474 612 2518 stautes
629 2468 656 2518 iu
674 2468 748 2518 curia
764 2468 825 2531 5143
845 2468 902 2518 593.
1023 2474 1084 2518 sunt
1101 2467 1182 2532 aliqui
1200 2482 1257 2517 esse
1274 2467 1308 2516 rle
1325 2473 1398 2516 secta
1415 2466 1492 2516 cristi
1508 2465 1554 2513 stt.

363 2543 452 2587 —tum
470 2538 593 2588 transitus
611 2535 800 2586 qulandriam
813 2536 835 2586 si
853 2550 870 2585 a
888 2536 937 2586 deo
962 2568 964 2574 ·
989 2537 1023 2588 de
1035 2537 1103 2586 —da
1114 2537 1236 2587 oracione
1245 2535 1354 2585 ulterius
1365 2543 1483 2600 speraret
1491 2547 1553 2583 uerno

396 2606 430 2655 ad
448 2607 566 2672 regulam
584 2606 691 2671 punitus
708 2606 741 2654 sit
758 2605 817 2655 281.
1025 2607 1083 2656 344.

362 2674 518 2725 Notabiliter
540 2679 693 2724 erraverunt
713 2674 823 2724 subiecti
841 2673 884 2722 dei
901 2673 938 2724 le·
990 2674 1101 2724 Nudites
1118 2672 1225 2738 argucie
1243 2671 1350 2721 simialis
1367 2672 1426 2722 43ῖΙ

397 2744 472 2810 gibus
489 2759 537 2809 per
552 2759 701 2808 processum
718 2742 842 2809 temporis
860 2742 918 2792 233.
990 2743 1084 2793 Nullus
1101 2741 1234 2807 apostolus
1250 2740 1343 2790 babuit
1360 2755 1376 2789 a
1392 2740 1472 2790 Petro
1488 2739 1553 2788 liceu-

363 2813 472 2862 Notaret
488 2826 558 2878 papa
575 2827 627 2862 nou
645 2827 753 2861 movens
770 2810 888 2862 homiues
905 2809 939 2860 ad
1024 2812 1091 2861 ciam
1108 2809 1261 2877 predicandi
1278 2810 1337 2859 405.

397 2880 569 2948 pugnandum
586 2881 644 2931 288.
991 2908 1024 2918 —
1042 2880 1112 2945 prior
1128 2884 1198 2928 secte
1216 2883 1390 2943 estpatronus
1403 2876 1552 2927 eeclesiebl.

363 2949 466 3000 Noticia
482 2949 620 3015 septuplex
638 2947 828 2998 mundanorum
847 2949 905 2998 208.
964 2942 966 3039 l
992 2976 1023 2984 -
1042 2947 1217 3014 apostolorum
1236 2945 1392 3012 dampnatus
1410 2953 1496 3010 preter
1506 2943 1551 2992 sca-

365 3045 396 3054 —
414 3034 430 3068 a
448 3017 562 3067 trinitate
580 3018 705 3083 impressa
727 3017 754 3066 iu
777 3023 878 3067 mentes
895 3016 939 3066 bo·
1025 3016 1092 3066 rioth
1110 3017 1150 3066 et.

397 3087 496 3136 minum
514 3087 572 3136 208.
994 3113 1025 3121 —
1043 3099 1076 3135 ex
1093 3085 1172 3134 sectis
1188 3088 1294 3132 sanctus
1311 3082 1338 3131 iu
1356 3082 1413 3133 celo
1431 3083 1472 3131 al.

364 3181 396 3190 -
415 3153 604 3204 mundanorum
614 3155 774 3219 peiorquam
783 3153 871 3204 anima
880 3153 939 3203 208.
993 3153 1062 3203 —lla
1078 3151 1148 3217 ydea
1165 3151 1297 3217 superflua
1314 3151 1370 3200 siue
1389 3165 1468 3200 causa
1490 3149 1525 3198 tt.

364 3248 397 3258 —
415 3229 544 3271 sectarum
566 3222 688 3287 prodesse
710 3227 795 3287 potest
821 3221 939 3284 ecclesie,
993 3251 1025 3260 -
1043 3215 1551 3288 privatasectaadominoapprobstaf‘l.

398 3295 427 3339 ut
445 3289 561 3356 fugiatur
578 3297 714 3356 peccatum
733 3292 773 3340 37.
993 3317 1024 3329 -
1043 3297 1173 3340 sectarum
1190 3294 1303 3355 quatuor
1320 3288 1415 3338 militat
1432 3287 1479 3336 sub
1495 3293 1551 3334 serta

365 3385 397 3394 -
414 3358 543 3409 sensibilis
560 3359 587 3408 in
604 3359 749 3425 spiritualia
768 3359 885 3424 superior
902 3359 940 3408 in·
1027 3358 1124 3409 domiui
1142 3358 1202 3408 lesu
1221 3357 1296 3408 Gristi
1315 3357 1374 3408 art.

398 3427 511 3477 troducit
528 3429 586 3477 243.
992 3429 1123 3478 Numerus
1141 3426 1297 3477 ferculorum
1315 3427 1374 3477 536.

352 3523 398 3535 ·-·-
415 3495 448 3546 de
466 3495 586 3546 humanis
603 3495 789 3546 tradicionibus
807 3497 866 3546 210.
994 3525 1026 3534 -
1044 3495 1214 3562 collegiorum
1232 3494 1340 3544 frenum
1359 3494 1417 3545 ete.

365 3591 398 3602 -
415 3564 449 3615 de
466 3564 516 3615 deo
533 3564 667 3631 sapiencia
683 3564 832 3614 nominatur
849 3565 908 3615 210.
995 3593 1027 3603 ·-
1045 3563 1161 3614 infinitus
1179 3563 1287 3613 fratrum
1304 3562 1368 3620 2223
1386 3561 1443 3612 368.

367 3661 394 3669 -
417 3633 450 3683 de
472 3632 521 3684 deo
544 3640 584 3684 est
609 3634 678 3684 basis
698 3633 814 3684 omnium
835 3633 942 3682 noticia·
994 3661 1026 3670 -
1045 3639 1072 3683 et
1090 3631 1242 3698 magnitudo
1260 3631 1390 3682 esibiliuus
1409 3631 1464 3680 535.

400 3718 457 3752 rum
475 3703 533 3753 210.
996 3730 1026 3740 —
1045 3701 1183 3751 stultorum
1201 3707 1241 3750 est
1256 3698 1374 3749 infinitus
1392 3700 1448 3748 605.
1613 3721 1614 3736 i

366 3798 399 3807 -
426 3771 608 3821 mandatorum
641 3769 761 3821 fidelibus
792 3770 942 3821 annotanda
993 3771 1081 3820 Nutrit
1099 3769 1181 3820 multa
1198 3768 1270 3818 milia
1287 3775 1412 3834 patronus
1432 3759 1549 3832 portabili*
1613 3751 1614 3794 l

367 3908 468 3958 -ciam
486 3907 529 3958 dei
546 3907 692 3974 impediunt
709 3907 864 3958 tradiciones
882 3907 941 3957 210.
994 3907 1150 3958 Nutriuntur
1182 3905 1293 3972 plurima
1322 3911 1430 3971 peccata
1453 3903 1478 3951 in
1500 3895 1547 3948 nid*
1613 3893 1614 3948 Ϊ

368 3975 454 4026 —eias
471 3991 561 4027 omnes
578 3983 677 4042 prestat
696 3975 809 4026 scintilla
820 3976 942 4026 trinitatis
1028 3975 1135 4040 dyaboli
1154 3976 1209 4026 133.

367 4046 529 4164 No2rde0'secte
546 4113 660 4164 stabilite
677 4129 709 4164 ex
726 4113 880 4163 auctoritate
899 4111 943 4162 do·
1265 4071 1297 4128 θ’
1516 4168 1535 4178 Η

401 4182 466 4230 mini
482 4184 523 4233 89.
995 4179 1157 4231 Obediencia
1174 4177 1302 4229 servanda
1325 4177 1375 4229 deo
1392 4185 1418 4228 et
1434 4181 1546 4242 prepfflffi

369 4249 429 4299 -ri
446 4250 549 4301 ordines
566 4250 705 4300 introducti
721 4252 762 4301 83.
1029 4249 1089 4300 528.
