3312 5128
570 545 751 597 GENEBAL
769 545 900 595 INDEX.

125 715 274 781 Opinative
286 715 349 766 dicit
359 733 435 766 suum
447 731 552 768 sensum
565 723 655 766 auctor
667 718 708 770 tt.

126 812 163 820 -
177 791 269 835 auctor
276 785 388 850 quiescit
399 785 426 834 in
437 801 516 835 sensu
528 785 654 836 catholico
667 787 708 836 to.

125 853 287 918 Oppositum
297 854 465 920 tacere‚quod
476 853 583 904 mandat
593 855 710 921 superior
734 907 737 941 Ι

125 989 206 1055 Opne
224 990 321 1040 bonnm
338 989 371 1040 de
390 1005 486 1056 genere
504 991 592 1042 iacere
609 992 668 1042 364.

125 1085 164 1095 -
182 1058 292 1109 membri
310 1058 406 1109 ordinis
424 1060 471 1109 toti
484 1061 584 1125 corpori
595 1061 710 1111 tribuen-

164 1127 228 1178 dum
246 1134 286 1176 est
303 1127 361 1178 325.

125 1222 163 1232 -
182 1196 342 1246 meritorium
364 1195 421 1246 lieri
441 1202 526 1262 potest
546 1198 595 1247 sub
612 1197 710 1264 obliga·

163 1265 241 1314 cione
259 1266 317 1314 185.

123 1348 177 1398 pro
196 1347 293 1398 —pere
309 1333 389 1398 partis
400 1331 466 1384 deus
477 1334 552 1400 punit
562 1341 588 1383 et
600 1335 710 1400 premiat

163 1407 249 1451 totum
267 1401 324 1452 326.
733 1462 735 1475 Ι

126 1484 231 1536 —pera
248 1469 292 1520 dei
308 1471 335 1519 in
347 1469 481 1520 ordinibus
491 1469 626 1520 salvantur
638 1470 709 1520 dissi-

164 1537 253 1604 pando
271 1553 316 1588 eos
333 1539 392 1588 228.

30 1657 38 1670 ,
124 1634 162 1643 -
181 1606 226 1657 dei
244 1607 361 1672 perlecta
378 1615 439 1658 sunt
456 1607 515 1658 266.

125 1703 163 1780 ἶ
182 1690 253 1794 &gree
269 1682 402 1794 minti
415 1677 565 1810 ggg'copum
583 1744 660 1794 adeo
672 1743 710 1794 in-

163 1813 285 1862 stitutum
302 1827 358 1862 esse
376 1814 435 1863 258.

124 1908 162 1917 -
183 1879 227 1930 dei
243 1887 304 1931 eunt
320 1882 437 1948 perfecta
455 1882 513 1931 712.

127 1976 164 1986 -
183 1949 293 2000 meliora
310 1949 440 2000 dimittere
457 1951 516 2000 346.

125 2044 162 2054 -
182 2018 301 2084 perlecta
319 2018 395 2068 cristi
412 2020 452 2069 83.

126 2113 163 2124 -
182 2087 315 2138 meritoria
331 2093 358 2138 et
375 2088 430 2136 vita
447 2087 514 2138 bene
532 2095 608 2138 orant
625 2087 683 2137 342.

126 2183 163 2192 -
181 2155 306 2205 trinitatis
322 2155 435 2205 indivisa
452 2155 485 2206 ad
503 2163 576 2206 extra
594 2157 652 2206 238.

125 2239 257 2290 ——perum
274 2225 382 2274 fratrum
399 2225 523 2274 sanctitas
540 2226 598 2276 353.

127 2293 272 2358 -peribua
293 2293 428 2342 vivacibus
453 2293 579 2342 debemus
604 2291 710 2344 credere

126 2457 164 2466 —
184 2428 256 2479 credi
272 2428 351 2479 debet
368 2429 426 2480 458.

125 2514 191 2548 cum
215 2523 248 2534 —
269 2498 337 2547 vivia
364 2497 453 2564 pocius
478 2498 519 2548 vir
544 2505 649 2550 sanctus
671 2505 711 2549 est

165 2565 312 2616 credendus
329 2567 387 2618 251.

126 2635 227 2686 Oraeio
245 2641 334 2701 empta
350 2635 430 2685 nichil
447 2635 519 2686 valet
536 2637 594 2686 alt.

128 2730 163 2740 -
183 2703 316 2754 etveritas
326 2705 499 2755 succumbunt
507 2705 709 2772 participaoione

165 2772 347 2837 temporalium
368 2774 426 2825 246.

127 2868 164 2878 -·
187 2847 259 2892 secte
284 2847 377 2906 quarte
399 2842 496 2908 populo
521 2841 579 2908 plus
605 2841 711 2907 prodest

166 2924 246 2974 qnam
263 2911 348 2960 oracio
367 2910 495 2962 dominica
512 2912 571 2961 252.

127 3004 163 3014 -
183 2977 245 3028 ficta
261 2979 381 3044 specialis
398 2979 584 3044 predicacionis
602 2981 661 3030 348.

126 3073 163 3083 -·
181 3047 287 3112 presciti
307 3063 360 3096 non
384 3055 498 3098 meretur
520 3048 709 3100 beatitudinem

71 3143 81 3158 .
165 3117 226 3165 344.

127 3211 164 3220 -
182 3184 285 3250 privata
296 3184 353 3234 sine
364 3185 467 3234 iusticia
478 3185 557 3236 nichil
565 3186 637 3236 valet
648 3187 707 3237 347.

68 3306 72 3316 Ι
126 3279 163 3290 -
182 3252 270 3303 vitalis
281 3252 389 3304 acrisio
401 3253 514 3304 maxime
525 3254 708 3304 commendata

126 3321 237 3440 -311431n
247 3389 365 3469 proficiet
373 3389 416 3440 vel
420 3397 515 3470 noceat
519 3392 706 3442 mercantitlt'l.

126 3485 162 3564 .·.
181 3456 706 3524 ω’

127 3622 162 3632 -
175 3595 283 3662 triplex:
296 3595 423 3657 mentalis,
432 3595 538 3658 vocalis,
550 3597 637 3646 vitalia
649 3597 707 3648 342.

127 3691 162 3700 -
182 3663 330 3730 generalior
347 3678 363 3714 a
381 3663 463 3714 Oristo
481 3664 611 3730 prefertur
627 3667 686 3717 343.

128 3731 248 3783 —cionis
264 3739 394 3782 sectarum
411 3731 592 3798 sophisticaoio
610 3736 668 3786 354.

126 3829 161 3838 -
181 3799 295 3850 dimissio
313 3801 428 3866 implicat
445 3801 533 3852 multis
550 3803 708 3868 pestilenciis

126 3871 273 3987 siim
291 3938 349 3988 em.

127 4035 160 4044 -
181 4005 313 4072 quidditas
330 4007 388 4056 342.

126 4075 235 4124 -cioni
251 4075 335 4124 vocali
352 4073 488 4124 intendere
506 4075 564 4125 346.

126 4143 267 4193 -cionem
283 4159 361 4193 nemo
378 4143 493 4194 vendere
511 4143 590 4194 debet
608 4144 667 4195 346.
732 4160 734 4233 p

126 4211 268 4262 —cionnm
284 4212 469 4262 commeroacio
481 4227 533 4262 non
545 4213 663 4278 procedit
673 4228 707 4264 ex
731 4236 734 4320 p

163 4279 208 4330 dei
224 4279 375 4330 ordinancia
390 4280 448 4330 343.

1276 553 1337 612 789

761 715 918 766 Oracionum
936 715 1060 783 suffragia
1078 718 1136 769 att.

761 783 843 834 Orare
860 784 971 834 sollicite
994 785 1022 834 in
1039 787 1152 837 claustro
1169 787 1276 838 basilica
1294 788 1337 838 vel

794 853 851 903 loco
867 853 1019 904 abscondito
1036 856 1094 907 345.

761 921 857 971 -andi
874 921 1023 988 proclivitas
1041 924 1099 974 645.

760 989 794 1040 ad
812 989 943 1041 -andum
957 991 1039 1042 multe
1051 998 1158 1042 movent
1169 992 1337 1044 auctoritates

794 1059 928 1110 hominum
945 1061 1003 1112 346.

760 1135 823 1178 —at
840 1135 931 1179 auctor
948 1129 1026 1180 deum
1044 1135 1072 1180 et
1088 1135 1191 1180 sanctos
1211 1129 1267 1180 138.

760 1196 884 1248 Oratores
901 1197 998 1248 assidui
1015 1198 1146 1248 excedant
1163 1198 1277 1252 medium
1289 1199 1339 1250 vir-

794 1271 897 1316 tuosum
914 1266 1049 1316 ieiunandi
1066 1269 1125 1318 346.

760 1333 901 1384 Ordinacio
919 1334 996 1385 cristi
1013 1338 1072 1387 334.

760 1428 793 1439 -
811 1402 894 1452 libera
910 1403 972 1454 lesu
989 1402 1066 1454 Gristi
1083 1406 1141 1456 243.

760 1497 792 1506 -
812 1470 888 1520 cristi
905 1487 958 1520 non
976 1472 1090 1538 prudens
1107 1474 1165 1524 560.

761 1566 792 1576 -
811 1540 928 1604 primeva
945 1539 1022 1590 Criati
1041 1543 1097 1592 145.

760 1633 793 1644 -
812 1607 888 1656 cusu
904 1607 1008 1674 dirupta
1026 1623 1042 1658 a
1058 1609 1135 1660 sectis
1156 1609 1211 1658 142,

761 1703 792 1711 -
810 1673 900 1725 divina
917 1676 986 1726 ultra
1002 1691 1084 1743 papas
1103 1677 1159 1728 132.

761 1745 862 1794 -cioni
880 1743 957 1795 Cristi
973 1743 1088 1796 dominia
1104 1761 1150 1796 rex
1167 1745 1277 1797 reddere
1294 1746 1338 1798 de·

794 1812 839 1862 bet
856 1813 915 1864 249.

761 1881 897 1931 -cionem
905 1881 993 1947 sponsi
1002 1883 1111 1932 ecclesie
1117 1882 1276 1934 dimittentes
1285 1900 1337 1934 non

795 1957 902 2014 possunt
919 1951 1039 2002 excusari
1055 1950 1126 2017 apud
1142 1951 1255 2002 iudicem
1272 1953 1338 2002 veri-

797 2018 858 2068 tatis
876 2019 916 2069 32.

761 2113 793 2122 -
813 2085 889 2137 Oristi
906 2088 999 2138 tratres
1016 2089 1171 2139 subvertunt
1188 2089 1247 2154 255.

761 2181 794 2191 ·-
813 2155 889 2206 cristi
910 2156 1019 2208 liberam
1036 2157 1151 2224 graviter
1168 2157 1255 2208 serunt
1272 2157 1338 2223 epis·

795 2224 929 2290 coplata.

759 2299 850 2343 contra
873 2319 905 2330 -
927 2293 970 2344 dei
995 2292 1138 2345 dominium
1160 2295 1277 2346 seculare
1299 2301 1339 2344 est

794 2361 920 2412 infectum
937 2364 996 2414 243.

734 2418 737 2437 '
760 2429 787 2478 in
805 2432 915 2486 -cione
930 2446 978 2482 sua
991 2430 1089 2482 Gristus
1106 2432 1155 2482 fuit
1172 2432 1338 2498 completissi-

796 2515 854 2548 mus
871 2499 929 2550 229.

762 2593 793 2602 -
813 2567 889 2617 Oristi
905 2573 956 2617 stat
974 2565 1107 2618 edificacio
1125 2568 1235 2620 ecclesie
1253 2569 1311 2620 255,

760 2633 899 2686 Ordinavit
916 2635 1013 2686 Oristus
1039 2635 1169 2701 apostolos
1191 2637 1218 2686 in
1236 2636 1338 2688 humili·

795 2711 857 2764 tate,
875 2709 1029 2770 paupertate
1047 2711 1095 2754 eto.
1114 2706 1173 2755 595.

760 2799 793 2808 -
811 2772 909 2823 cristus
926 2772 1055 2838 apostolos
1072 2772 1220 2824 sacerdotes
1237 2773 1295 2826 259.

761 2868 793 2878 ·-
811 2839 908 2892 Gristus
926 2841 1079 2890 varietatem
1097 2842 1138 2892 el.

759 2915 870 2960 -natne
881 2915 963 2960 statue
975 2908 1009 2958 ad
1020 2907 1216 2960 edificacionem
1223 2911 1337 2976 corporis

794 2978 903 3028 ecclesie
923 2978 980 3029 100.

760 3045 829 3096 Ordo
842 3047 999 3096 monasticus
1010 3045 1102 3113 religio
1112 3045 1215 3112 privata
1226 3049 1335 3099 estitit.

760 3141 792 3152 -
810 3115 897 3165 nullus
918 3115 1075 3166 monasticus
1100 3113 1180 3166 habet
1204 3115 1336 3168 detectum

794 3184 963 3234 essencialern
981 3186 1040 3234 436.

762 3279 794 3288 -
812 3253 921 3302 fratrum
937 3253 1140 3319 perfectissimus
1157 3254 1215 3304 449.

761 3347 792 3356 -
813 3321 933 3372 novellus
953 3322 1083 3372 consentit
1103 3322 1206 3388 privato
1229 3322 1337 3374 facinori

795 3388 852 3440 225.

760 3485 791 3493 -
811 3457 838 3506 in
855 3457 934 3508 deum
951 3457 1115 3525 blasphemat
1131 3461 1190 3511 468.

760 3553 792 3562 -
810 3526 919 3577 fratrum
937 3528 1062 3578 eunetis
1079 3527 1154 3592 papis
1171 3525 1337 3578 confirmatus

760 3691 792 3700 -
810 3671 915 3714 sanctus
932 3664 1041 3714 fratrum
1062 3662 1187 3714 mudatnr
1208 3663 1337 3712 usmetis

732 3734 734 3797 j
794 3733 852 3782 eea.

761 3828 792 3836 -
810 3807 880 3850 totus
896 3816 949 3850 nou
967 3815 983 3850 a
1000 3798 1050 3850 deo
1068 3805 1107 3850 est
1118 3797 1265 3850 laudandus
1277 3799 1335 3850 326.

761 3895 792 3905 -
811 3869 919 3919 fratrum
936 3875 975 3918 eat
991 3867 1097 3933 ydolum
1116 3867 1214 3918 distans
1225 3883 1242 3918 a
1254 3867 1336 3919 Oristo

760 3938 1102 4070 -ffiaouieuuquefratri
1110 4005 1336 4072 estoptimustit).

760 4101 792 4110 —
812 4073 995 4124 monachorum
1016 4072 1085 4124 idem
1106 4074 1133 4124 in
1151 4089 1259 4124 numero
1276 4089 1336 4124 cum

793 4143 889 4193 sanctia
906 4143 933 4192 in
951 4141 1093 4192 Ierusalem
1110 4143 1168 4194 454.

759 4239 790 4247 -
811 4211 993 4261 canonicorum
1013 4210 1083 4260 idem
1104 4227 1164 4262 curu
1188 4211 1285 4262 sancus
1310 4211 1337 4260 in

793 4279 938 4330 Ierusalem
954 4280 1099 4331 454-455,
