3260 5136
308 463 370 520 498
732 461 925 512 JOHAll'NIS
947 461 1086 520 metir,
1374 457 1439 528 [cop.
1462 461 1518 512 ΙΙ]

307 657 421 714 magna
451 645 482 696 et
512 636 551 697 ab
583 635 745 697 universali
778 637 908 697 ecclesia
938 636 1118 714 approbata,
1151 636 1222 716 quia
1251 656 1313 696 non
1344 637 1516 696 secuudum

307 740 393 801 illam
415 740 568 800 racionem
592 747 637 800 est
658 739 725 818 ipsa
747 740 847 819 posita
869 740 899 798 in
922 738 1005 800 dicta
1027 759 1177 799 mensura.
1209 739 1260 800 Ex
1283 759 1343 820 quo
1366 739 1517 818 sequitur,

309 844 389 925 quod
404 844 443 903 ad
454 842 682 903 rectificandum
697 844 810 903 dictam
826 842 1076 922 consequeneiam
1087 850 1239 920 oporteret
1252 842 1284 902 in
1300 837 1522 902 antecedentef

309 968 428 1008 sumere
450 944 543 1006 talem
559 941 845 1025 proposicionem²⁶:
862 953 984 1006 sanctus
999 944 1185 1006 Benedictus
1199 945 1423 1006 consummavit
1438 945 1518 1004 fina-

307 1050 377 1111 liter
386 1049 523 1128 regulam
539 1049 690 1127 privatam
706 1049 923 1108 monachorum
939 1049 1107 1108 secundum
1123 1069 1242 1108 omnem
1258 1069 1344 1108 suam
1359 1049 1518 1108 racionem
1544 1057 1557 1100 5

309 1147 526 1215 discrecionc⁹⁷
554 1147 699 1229 magna²8
726 1161 756 1212 et
779 1151 818 1212 ab
847 1151 1011 1212 universali
1035 1151 1164 1212 ecclesia
1187 1147 1431 1231 approbatam„
1475 1151 1520 1211 Et

309 1269 382 1317 tunc
398 1256 594 1317 concedenda
609 1264 688 1316 essct
701 1255 768 1334 ipsa
783 1255 1003 1335 consequencia
1018 1263 1048 1314 et
1063 1255 1236 1332 negandum
1248 1255 1311 1315 eius
1321 1255 1518 1324 antecedens,

309 1381 366 1420 nec
386 1359 484 1438 ipsum
508 1358 700 1430 antecedens,
724 1367 759 1418 ut
781 1367 907 1430 constat,
932 1358 1039 1418 asserit
1060 1357 1168 1418 beatus
1191 1355 1357 1436 Gregorius
1380 1360 1411 1420 in
1434 1359 1520 1419 dicto

310 1463 452 1540 allegato,
476 1461 547 1522 licet
569 1462 600 1521 in
622 1461 688 1541 ipso
711 1469 835 1532 asserat,
860 1462 941 1541 quod
956 1469 1078 1520 sanctus
1093 1460 1279 1521 Benedictus
1295 1462 1522 1521 consummavit

310 1565 441 1626 finaliter
472 1563 687 1644 particularem
719 1563 858 1642 regulam
891 1564 1108 1624 monachorum
1135 1563 1299 1625 habentem
1323 1584 1443 1624 omnem
1467 1563 1558 1624 vela

311 1670 444 1750 aliquam
468 1669 620 1728 racionem
642 1667 802 1727 fundatam
824 1667 856 1725 in
879 1668 1028 1746 scriptura
1051 1687 1146 1740 sacra,
1170 1668 1337 1728 secundum
1361 1687 1452 1748 quam
1475 1675 1521 1727 est

312 1773 497 1833 discrecione
519 1791 631 1849 magna
654 1779 685 1831 et
706 1769 746 1830 ab
768 1770 932 1830 universali
954 1769 1083 1830 ecclesia
1106 1769 1284 1849 approbata.

398 1875 531 1954 Exque
554 1882 647 1952 patet,
675 1873 755 1953 quod
784 1874 822 1934 de
844 1872 982 1952 qualibet
1005 1874 1126 1952 privata
1156 1871 1300 1948 religione
1331 1883 1433 1953 potest
1456 1873 1520 1933 lieri

313 1979 418 2056 religio
441 1977 635 2058 particularis
657 1996 731 2054 pure
754 1976 940 2054 evangelica
962 1975 1002 2036 ab
1025 1996 1069 2048 eo,
1102 1973 1153 2056 qui
1175 1975 1268 2036 habet
1290 1977 1456 2036 scienciam
1477 1977 1520 2035 di·

313 2083 416 2144 vinam
448 2079 612 2158 separandi
644 2101 753 2158 purum
778 2079 817 2138 ab
841 2079 960 2158 impuro
982 2079 1013 2138 in
1036 2099 1081 2138 ca.
1126 2078 1168 2138 Et
1190 2099 1208 2138 a
1231 2079 1360 2158 paride
1384 2078 1518 2159 quolibet
1529 2090 1555 2133 rs

314 2184 446 2244 dominio
479 2182 608 2242 seculari
632 2192 732 2262 potest
753 2181 817 2242 fieri
840 2182 1006 2242 dominium
1028 2181 1261 2261 proprietarium
1285 2201 1360 2262 pure
1383 2203 1520 2258 emanue

313 2288 406 2348 licum
430 2307 485 2366 per
507 2285 679 2346 huiusmodi
702 2283 970 2364 separacionem.³⁰

401 2389 544 2451 Secundo
567 2397 660 2468 patet,
685 2389 766 2468 quod
782 2409 841 2448 non
861 2388 1005 2468 sequitur,
1029 2389 1137 2466 regula
1155 2389 1276 2468 privata
1291 2388 1520 2460 monachorum,

315 2515 406 2576 quam
438 2491 571 2553 finaliter
601 2491 824 2552 consummavit
854 2487 1010 2552 sanctus³¹
1041 2491 1227 2552 Benedictus
1264 2491 1314 2551 vel
1345 2491 1438 2563 alius,
1478 2501 1521 2552 est

314 2598 482 2659 secundum
514 2615 634 2656 omnem
665 2595 817 2654 racionem
841 2616 927 2656 suam
950 2594 990 2655 ab
1013 2594 1185 2655 hominibus
1207 2594 1348 2655 distincte
1371 2597 1556 2674 percepti-2⁰

315 2703 406 2764 bilem
430 2699 604 2772 laudabilis,
633 2718 705 2776 ergo
728 2707 774 2757 est
796 2697 963 2758 secundum
987 2719 1105 2758 onmem
1128 2698 1279 2758 racionem
1303 2719 1390 2758 suam
1412 2698 1520 2759 lauda·

143 2805 384 2868 {insatiabilis
416 2802 465 2863 vel
497 2803 594 2863 disere
611 2809 622 2872 ΙΙ
639 2801 724 2862 cione
756 2821 868 2878 magna
900 2795 988 2862 aut³²
1010 2800 1049 2861 ab
1072 2801 1236 2861 universali
1258 2801 1388 2862 ecelesia
1409 2821 1520 2881 appro

314 2909 397 2980 bata,
421 2916 455 2966 ut
476 2915 562 2985 patet
583 2906 616 2966 in
638 2901 797 2965 assimili³³
820 2905 858 2964 de
881 2905 945 2965 vita
967 2905 1065 2964 sancti
1086 2903 1232 2964 iohannis
1253 2904 1401 2982 Baptista.

310 2988 316 3000 '
401 3009 509 3070 Teroio
530 3017 624 3088 patet,
648 3008 729 3086 quod
748 3008 845 3068 omnis
859 3007 966 3085 religio
981 3008 1102 3086 privata
1116 3003 1184 3067 sit³¹
1199 3007 1237 3067 de
1253 3003 1427 3085 religione³⁵
1443 3029 1519 3087 pure

314 3113 500 3192 evangelica
521 3133 576 3192 per
597 3110 788 3172 addicionem
805 3111 933 3171 alicuius
948 3111 1023 3170 ritus
1038 3109 1170 3188 religiosi
1185 3110 1224 3169 ad
1240 3130 1308 3170 eam
1324 3111 1381 3170 sub
1397 3112 1517 3171 racione
1527 3121 1554 3164 :u

314 3218 405 3278 nimie
436 3214 672 3276 universalitatis
696 3223 749 3275 aut
771 3214 896 3276 alterius
920 3213 1105 3274 condicionis
1127 3233 1188 3272 non
1209 3211 1371 3274 fundatam
1394 3215 1426 3273 in
1449 3214 1518 3274 scri·

314 3329 406 3400 ptura
428 3339 516 3380 sacra
539 3329 570 3379 et
591 3337 647 3397 per
669 3337 855 3397 consequens
878 3337 933 3397 per
956 3317 1146 3377 addicionem
1168 3317 1281 3396 impuri
1304 3317 1344 3378 ad
1367 3313 1519 3396 purunr.‘'‘⁶

524 3484 539 3524 s
555 3506 593 3552 cp.
612 3489 686 3537 abone
700 3505 727 3552 p.
746 3492 795 3538 497

384 3641 406 3672 ²⁶
423 3643 629 3710 proposicionem
640 3639 678 3712 Cfl
712 3642 873 3708 propositum
884 3645 929 3692 An
1000 3639 1022 3670 ²²
1041 3642 1115 3692 (lisca
1133 3641 1329 3704 intempeste
1346 3659 1439 3691 acorr.
1458 3639 1517 3710 iad

316 3731 363 3796 (by
375 3728 423 3800 β’)
475 3727 497 3758 ²⁸
516 3727 681 3797 maguntini
710 3730 868 3794 magnamA
920 3725 942 3756 ²⁹
955 3729 1124 3794 approbatam
1135 3725 1180 3797 Aa
1209 3727 1354 3793 approbata
1364 3729 1401 3778 Cn
1454 3725 1476 3756 ³⁰
1493 3731 1518 3776 ia

316 3821 342 3867 A
360 3820 382 3866 ir
399 3818 458 3866 euld.
476 3817 551 3865 belew
569 3818 609 3864 tte
625 3815 672 3864 col.
691 3811 768 3866 269⁶.-
795 3814 865 3864 Note
886 3813 919 3863 de
942 3814 1059 3880 quelibet
1081 3813 1195 3863 dominio
1214 3813 1337 3874 ceciliani,
1356 3819 1442 3879 potest
1462 3813 1516 3863 fieri

316 3903 459 3953 dominium
478 3901 676 3968 proprietarium
695 3899 885 3966 euangelicum
902 3915 950 3965 per
967 3899 1029 3950 mali
1046 3901 1241 3965 separacionem
1252 3896 1288 3954 Α
1367 3897 1389 3927 ³¹
1407 3915 1443 3950 ea„
1454 3897 1517 3968 Anfl

351 3987 617 4050 lreatua(ad.)su.0
700 3981 724 4012 ⁸⁹
741 3983 862 4054 autAnss
897 3987 1013 4047 etad.)
1030 3986 1137 4034 abocelt
1153 3987 1230 4036 autO
1296 3981 1320 4012 ⁸⁸
1337 3985 1515 4036 assimiliACn

351 4075 458 4141 speciali
469 4072 494 4144 p,
508 4075 583 4124 above
594 4075 615 4122 a
626 4067 833 4140 assimiliooaffl2
876 4067 899 4098 '¹
916 4069 1023 4141 citant
1058 4070 1088 4121 fit
1101 4091 1118 4122 n
1170 4067 1193 4098 ’ὅ
1211 4070 1244 4121 de
1262 4071 1317 4122 reli.
1329 4073 1367 4122 Cn
1396 4071 1514 4122 debirent

352 4161 385 4211 ue
403 4161 458 4210 vita
470 4159 489 4230 β
566 4157 588 4186 ⁸⁰
606 4175 700 4224 purum
710 4159 758 4207 AO
801 4157 923 4223 inpurum
942 4163 991 4207 etc.
1004 4177 1021 4208 n
1070 4157 1192 4224 inpurum
1204 4155 1230 4226 β,
1254 4157 1296 4206 tec
1313 4157 1340 4206 in
1362 4159 1389 4208 ia
1406 4158 1515 4206 mactra

317 4248 364 4312 (tp
382 4245 452 4318 23²0
