3260 5136
90 562 140 608 cop.
163 541 232 611 1⁷11]
413 544 468 593 DE
485 543 755 592 OITATIONIBUS
772 543 959 592 FBIVOLIS.
1219 549 1279 608 559

90 719 207 790 amicus,
238 725 269 778 ct
299 736 354 795 per
385 735 570 796 consequens
602 716 767 788 domestici,
796 716 847 796 qui
873 715 1067 796 applaudunt
1093 715 1149 776 sibi
1170 715 1201 775 in
1224 717 1281 776 isto

89 821 226 892 facinore,
249 813 354 880 sunt¹²
376 818 432 880 sibi
455 819 581 879 maximi
602 819 743 880 inimici.“

168 921 210 982 Et
236 923 278 982 sic
305 920 393 995 absit,
425 921 506 1002 quod
529 922 590 982 tale
612 931 706 1000 caput
727 942 783 1000 per
804 921 898 982 falsas
920 931 951 982 et
972 917 1092 981 lictas¹³
1114 920 1282 982 elecciones

90 1025 233 1085 humanas
266 1025 346 1086 foret
376 1033 469 1104 caput
500 1024 626 1086 ecclesie
662 1025 830 1097 militantis,
862 1024 916 1084 sed
947 1032 1041 1102 caput
1070 1033 1206 1084 nostrum
1237 1033 1283 1085 est

68 1141 210 1199 esuisnm,
235 1126 374 1187 dominus
388 1127 475 1208 Iesus
491 1125 616 1188 Cristus.
647 1127 690 1188 Et
712 1123 788 1189 sicu
810 1127 856 1187 illi
878 1127 1043 1187 militantes
1066 1127 1115 1186 dei
1130 1128 1282 1187 adiutores

89 1227 154 1290 ae¹⁵
180 1249 234 1290 sue
261 1230 419 1290 militantis
446 1229 582 1302 ecclesie,
611 1229 721 1309 quibus
749 1229 806 1290 sibi
832 1230 935 1310 placet
960 1229 1081 1290 adhoc
1104 1230 1141 1290 de
1165 1251 1282 1290 sursum

89 1335 217 1410 greciam
240 1327 435 1404 destillare,¹⁶
456 1343 488 1393 et
509 1333 552 1393 sic
574 1332 708 1394 militans
731 1333 860 1394 ecclesia
881 1353 942 1393 non
964 1342 1010 1394 est
1031 1329 1209 1412 acephala¹⁷
1226 1353 1283 1395 nec

89 1437 147 1497 sine
169 1436 328 1508 adiutorio,
352 1435 424 1496 licet
446 1447 549 1496 careat
571 1435 627 1496 tali
647 1436 765 1514 refuga,
790 1437 862 1517 quin
884 1437 997 1515 pocius,
1021 1455 1128 1496 cerens
1148 1435 1283 1497 totaliter

89 1540 243 1600 dotacione
279 1539 448 1610 mundana,
484 1539 563 1600 sicut
597 1535 682 1598 lex¹⁸
706 1537 798 1599 (iristi
828 1539 987 1598 manifeste
1024 1539 1167 1618 precipit,
1205 1538 1283 1599 foret

55 1641 229 1702 toallem'ata
253 1641 292 1702 ab
315 1637 441 1702 ouere²⁹
463 1642 525 1702 iam
548 1641 698 1714 tardante,
722 1643 828 1702 vivens
849 1661 925 1720 pure
948 1642 985 1702 de
1000 1641 1171 1702 clemosinis
1187 1651 1217 1702 et
1232 1641 1282 1702 de·

89 1745 176 1816 vireis,
200 1765 260 1824 que
275 1755 345 1805 sunt
360 1764 430 1823 pars
445 1744 568 1818 domini,
584 1745 703 1804 intenta
717 1744 895 1804 assiduitate
910 1745 956 1804 sui
971 1743 1062 1804 officii
1077 1763 1133 1822 per
1147 1743 1283 1822 graciam

88 1847 195 1907 domini
224 1847 297 1908 Iesu
329 1845 429 1908 Cristi.
481 1846 525 1907 Et
551 1847 594 1907 sio
620 1847 691 1908 talis
718 1867 800 1926 papa
825 1867 887 1907 non
913 1857 959 1908 est
985 1855 1086 1926 caput,
1115 1846 1452 1915 inconvenientem

88 1949 171 2010 radix
192 1951 251 2011 nisi
272 1951 350 2010 l‘orte
373 1949 498 2010 ecclesie
521 1949 771 2028 malignancium,
794 1951 848 2011 sed
863 1950 988 2029 aborigo
1003 1950 1052 2012 vel
1067 1948 1163 2010 herba
1177 1950 1287 2010 nociva

88 2053 208 2114 ecclesie
231 2053 346 2114 domini
367 2054 438 2114 lesu
461 2051 561 2113 Cristi.

55 2167 79 2212 15
168 2153 277 2216 Talem
303 2175 375 2234 ergo
402 2157 641 2235 repugnanciam
668 2155 699 2215 in
726 2154 820 2216 verbo
846 2164 877 2216 et
904 2175 1002 2234 opere,
1026 2176 1086 2236 que
1110 2155 1282 2216 anticristus

89 2258 218 2320 nominat
248 2279 279 2320 se
301 2267 420 2338 patrem
442 2259 664 2320 sanctissimum
686 2267 717 2319 et
738 2267 968 2336 perseveranter
989 2257 1063 2318 dicit
1083 2258 1117 2318 in
1138 2278 1229 2338 opere
1251 2279 1282 2318 se

87 2382 147 2422 esse
168 2356 476 2432 sceleratissimum,⁹⁰
498 2361 590 2422 debet
611 2361 709 2422 fidelis
731 2360 855 2421 scolaris
877 2361 1012 2422 veritatis
1027 2361 1178 2421 constanti
1193 2361 1283 2421 eorde

88 2473 114 2523 et
134 2464 243 2524 humili
266 2463 438 2542 reprobare.

591 2602 678 2661 GAP.
710 2601 774 2662 VII.

167 2719 326 2780 Secundo⁰
347 2719 510 2794 invehitur,
535 2721 616 2802 quod
636 2721 696 2782 ista
718 2721 804 2782 sedes
826 2719 919 2780 infert
939 2719 1075 2797 graciose
1097 2721 1152 2780 toti
1167 2720 1283 2780 cristia-

51 2823 177 2882 eonismo
203 2823 397 2884 formidinem
426 2823 466 2884 ad
494 2824 693 2902 peccandum.
741 2822 829 2883 Idem
856 2842 927 2900 ergo
953 2820 1032 2882 foret
1058 2831 1164 2882 contre
1184 2824 1281 2901 ipsam

86 2924 124 2986 sic
145 2925 228 3006 loqui
252 2935 283 2986 et
304 2921 425 2987 laxare¹
449 2927 505 2987 toti
527 2926 654 2988 ecclesie
669 2924 807 2986 habenas
822 2925 862 2984 ad
876 2919 923 2984 iu²
937 2924 1079 3004 peccatis,
1097 2932 1130 2984 nt
1145 2924 1202 2986 sibi
1217 2925 1282 3004 pla-

86 3028 183 3100 cuerit,
207 3027 420 3089 volutandum.

166 3129 228 3192 Hic
266 3129 381 3191 dictum
422 3139 468 3192 est
502 3131 697 3192 concedendo
734 3131 847 3209 sepius,
888 3130 969 3209 quod
1005 3131 1177 3191 anticristus
1212 3151 1282 3191 cum

87 3231 222 3294 menbris
245 3234 308 3294 suis
329 3233 404 3294 fecit
426 3235 524 3296 multa
546 3233 627 3294 bona
648 3233 681 3293 in
702 3234 831 3295 ecclesia
853 3232 1012 3306 militante,
1036 3233 1169 3294 sednon
1184 3243 1280 3305 tanta,

51 3351 76 3398 15
86 3347 195 3413 fluenta
223 3335 374 3416 dyabolus
402 3337 580 3416 temptando
607 3336 744 3398 homines
772 3345 802 3397 et
828 3356 923 3416 penas
945 3336 1092 3397 terrificas
1113 3335 1279 3396 inferendo.

295 3489 370 3538 OAP.
394 3489 440 3539 VI.
476 3493 489 3517 ‘⁸
506 3506 544 3538 see
562 3489 654 3538 Matilo.
675 3493 715 3544 10,
733 3493 779 3546 ³6,·
799 3488 870 3536 Dulce
890 3493 929 3545 lt),
947 3493 993 3546 ὄλ·
1012 3493 1045 3540 53

295 3575 370 3624 CAP,
395 3575 459 3625 VII.
496 3577 569 3640 “Cp
588 3575 662 3623 above
675 3591 703 3638 p.
722 3579 773 3625 558
791 3574 808 3624 1.
829 3578 860 3624 l?

148 3707 170 3738 ¹²
186 3707 430 3768 suntAcaAsw
447 3714 546 3761 iomar.
582 3712 667 3760 ΜΕ
734 3706 756 3738 ¹³
773 3717 800 3760 et
817 3709 890 3760 fictas
900 3711 1020 3760 CEaAslt
1055 3713 1136 3760 cond
1206 3706 1228 3737 ¹⁴
1244 3709 1281 3758 sic

86 3793 154 3850 .t,E²
171 3813 237 3845 corr.
256 3799 307 3845 into
326 3799 365 3846 tte
383 3802 437 3847 test
470 3797 648 3848 oon.OEaAet
713 3792 734 3823 ¹⁶
751 3796 911 3845 aeacum
945 3802 972 3844 et
985 3816 1002 3847 α
1065 3792 1087 3824 ¹⁶
1104 3796 1220 3862 graciam
1237 3795 1281 3846 de-

84 3879 176 3931 stillare
185 3883 308 3933 ACaAst
361 3882 435 3949 gravi
453 3881 615 3937 distillareE
692 3879 712 3908 ¹⁷
730 3878 982 3947 acephalanoaffl
998 3883 1025 3930 ia
1041 3897 1105 3930 mar.
1158 3881 1282 3931 athevola

85 3967 192 4028 (affl
226 3967 399 4018 acevolaAat
433 3970 460 4018 in
469 3969 625 4018 Anaadd.
638 3969 664 4016 io
675 3984 752 4018 mant:
770 3967 890 4017 Ecclesia
906 3981 997 4017 emens
1014 3981 1083 4032 pape
1100 3982 1154 4017 nou
1172 3973 1281 4018 cstace·

84 4051 156 4114 phala
166 4049 244 4103 ΑΨ
313 4051 336 4082 ¹⁵
351 4054 396 4104 lex
406 4055 505 4104 cesse
540 4059 580 4104 est
596 4053 640 4103 lex
650 4056 694 4104 Aa
757 4050 779 4080 ¹⁹
796 4053 966 4104 manfeall.
985 4053 1107 4102 abon.A
1143 4065 1211 4103 man.
1224 4069 1281 4118 pre-

84 4137 140 4202 cipit
155 4139 224 4189 foret
239 4137 283 4188 all.
299 4139 333 4189 ab
350 4155 391 4190 on.
403 4141 497 4190 Cedet
532 4153 601 4188 man.
619 4139 715 4206 precip.
734 4139 781 4189 lor.
799 4137 843 4188 all.
860 4139 976 4189 onereE
1043 4135 1066 4166 ²⁰
1083 4144 1110 4188 ct
1127 4153 1227 4204 persev.
1247 4138 1280 4188 di.

86 4221 110 4270 iu
126 4240 166 4289 op.
183 4239 212 4274 sc
231 4239 281 4274 ess.
297 4225 358 4275 scel.
369 4227 461 4277 acea
498 4242 544 4275 om.
554 4228 609 4274 Aah

149 4311 226 4360 cre.
250 4309 314 4360 VII.
351 4286 601 4362 damnosae
635 4310 755 4359 rums
821 4306 883 4357 ‘ao
902 4308 1018 4359 munst
1053 4311 1153 4360 snam
