3312 5128
564 543 742 594 GENERAL
761 543 891 594 INDEX.
1267 551 1328 610 821

115 715 199 768 Secte
223 714 326 766 novelle
349 713 511 765 comtituunt
534 729 629 780 papam
657 713 701 788 dp·
753 713 830 765 Secte
847 715 967 766 furantur
982 731 1084 782 pueros,
1105 717 1218 783 spoliant
1234 733 1333 785 egenos

156 785 256 835 minum
303 783 437 834 domorum
480 783 604 834 libroruin
651 771 700 834 etc.
788 791 837 834 etc.
857 785 914 834 111.

155 854 217 905 301.
755 879 786 890 -
806 851 913 902 deviant
930 868 947 903 a
964 852 1056 920 regula
1073 859 1100 904 et
1111 853 1278 908 ordinacione
1290 854 1333 907 dei

117 949 155 960 ·-·
173 921 334 972 inclinantur
349 919 464 987 peccatis
481 919 630 970 carnalibus
648 920 847 972 96112.

117 1019 155 1028 -
174 990 302 1040 inducunt
319 989 499 1070 pestilenciam
517 989 604 1039 anime
622 988 663 1040 12.
756 1020 787 1028 -
804 995 976 1056 persecuntur
984 1004 1113 1056 pauperes
1121 991 1333 1042 sacerdotesill.

119 1087 157 1096 -
175 1075 229 1110 uon
246 1058 393 1109 sancciores
409 1057 578 1124 popularibus
594 1058 635 1107 31.
756 1085 787 1096 -
805 1073 859 1108 non
881 1065 989 1124 possunt
1011 1059 1146 1110 individua
1168 1076 1217 1110 noc
1235 1076 1333 1128 genera

117 1155 154 1166 -
177 1143 233 1179 nori
253 1133 362 1194 possunt
386 1126 505 1178 excusari
527 1125 560 1175 de
585 1125 703 1175 crimina·
790 1133 906 1177 statuum
923 1142 1029 1177 suorum
1046 1128 1164 1180 invenire
1183 1129 1241 1180 110

156 1197 233 1248 cione
251 1198 293 1247 40.
757 1221 789 1232 -
816 1195 956 1246 mendaces
985 1197 1089 1247 suborte
1115 1204 1175 1248 sunt
1202 1197 1334 1248 mediante

116 1293 153 1304 -
174 1281 229 1316 non
246 1269 358 1346 parcunt
368 1263 461 1315 ovibus
472 1261 649 1314 transmarinis
661 1261 704 1313 rel
788 1264 900 1330 ypocrisi
919 1265 977 1316 393.

157 1334 302 1384 cismarinis
319 1334 789 1384 20-
807 1347 824 1382 a
841 1332 890 1398 piis
907 1333 1022 1398 patronis
1039 1333 1154 1384 stabilite
1172 1335 1229 1386 104.

117 1431 155 1440 -
174 1401 362 1453 defraudantes
379 1399 456 1452 cristi
473 1399 610 1452 ecclesiam
628 1399 686 1450 312.
757 1428 789 1438 -
816 1400 930 1467 lingunt,
961 1401 1071 1452 Gn'stum
1099 1403 1208 1454 innuero
1236 1412 1334 1454 sectam

117 1499 155 1510 -
175 1487 228 1521 non
247 1471 339 1538 lugent
354 1475 464 1536 peccata
481 1468 571 1536 populi
588 1469 630 1518 43.
790 1483 865 1520 suam
883 1470 942 1522 230.

117 1539 276 1590 -lucrum
294 1539 477 1618 temporalium
499 1541 627 1604 appetunt
645 1536 703 1587 313.
759 1560 790 1572 -
808 1538 835 1588 in
858 1538 996 1588 ecclesiam
1016 1554 1070 1590 non
1092 1538 1189 1590 debent
1206 1539 1334 1592 introduci

117 1637 155 1648 —
175 1615 267 1660 carent
283 1607 466 1658 fundacione'
459 1623 486 1656 in
504 1605 651 1657 melonibus
667 1606 704 1656 vi-
792 1608 851 1658 602.

159 1677 266 1728 cacibus
284 1683 311 1728 et
328 1677 455 1742 scriptura
473 1677 532 1727 112.
758 1675 893 1725 -frirola
901 1675 996 1724 ficticia
1005 1675 1111 1726 fuerunt
1118 1675 1265 1727 introducto
1275 1678 1335 1728 394

120 1773 157 1785 -
176 1745 311 1796 dimitumt
332 1744 451 1811 regulam
469 1743 546 1795 Oristi
567 1744 625 1809 plus
647 1757 705 1809 per·
756 1769 791 1780 -
808 1744 876 1794 bone
894 1751 921 1794 ιι
938 1743 1008 1794 11ι1ιι
1027 1745 1084 1795 104.

158 1815 256 1866 fectam
274 1821 323 1864 etc
342 1814 400 1864 112.
758 1813 959 1863 —observant
984 1813 1088 1879 regulas
1114 1828 1175 1864 suas
1200 1820 1335 1882 tamquam

120 1909 157 1921 -
176 1882 302 1950 fugiende
319 1888 380 1933 sunt
397 1883 456 1934 312.
792 1881 879 1948 legem
896 1880 940 1930 dai
959 1882 1015 1931 131.

118 1979 157 1990 -
175 1952 380 2002 taciturnitatem
397 1955 504 2001 serrant
521 1950 564 2001 62.
757 1975 790 1987 -
808 1949 835 1998 in
853 1949 929 2000 scolis
940 1957 1040 2016 negant
1051 1949 1160 2000 hostiam
1174 1966 1230 2004 esse
1242 1967 1336 2018 corpus

119 2045 156 2060 -·
176 2021 204 2070 in
222 2020 392 2072 fundamento
410 2019 535 2070 deliciunt
552 2019 593 2069 61.
793 2015 870 2069 οι1ιι1
891 2019 949 2069 381.

120 2117 158 2128 -·
175 2095 301 2140 onustant
318 2089 455 2140 ecclesiam
474 2090 518 2150 593
537 2088 579 2138 30.
757 2113 791 2124 -
809 2087 837 2136 in
855 2085 906 2137 lide
924 2087 1028 2137 variant
1045 2087 1103 2138 381.

120 2186 157 2196 -
176 2165 239 2209 sunt
255 2158 384 2208 contrarie
401 2156 504 2208 caritati
522 2157 563 2206 62.
758 2183 790 2194 -
812 2155 909 2222 populo
935 2155 968 2205 de
995 2155 1079 2206 hostia
1101 2155 1234 2223 antiquam
1257 2156 1336 2208 iidem

123 2255 155 2264 -
177 2233 240 2277 sunt
257 2227 404 2277 antici-imus
421 2227 462 2276 64.
792 2223 882 2274 dicunt
900 2225 959 2275 331.

121 2323 157 2333 -
176 2295 351 2346 sollicitudine
368 2309 422 2346 non
439 2291 566 2344 deficiunt
583 2292 623 2342 51.
758 2317 790 2330 ·-
809 2293 837 2342 in
853 2307 926 2359 spem
939 2301 1030 2344 vocate
1047 2309 1094 2360 per
1110 2309 1187 2345 suum
1198 2301 1336 2361 patronum

121 2393 157 2402 —
176 2379 223 2430 per
241 2363 382 2428 dyabolum
399 2361 546 2413 introducta
564 2363 605 2411 46.
794 2362 853 2413 631.

121 2461 157 2472 ·—
176 2431 285 2498 pacifica
303 2433 345 2483 oi.
758 2455 791 2468 -
808 2445 861 2480 non
879 2445 926 2496 per
943 2430 1055 2482 Gristum
1072 2431 1099 2480 in
1120 2445 1192 2497 spem
1210 2437 1340 2483 vocantur

121 2528 158 2540 -
176 2501 329 2568 relinquunt
349 2506 447 2551 sectam
469 2497 567 2550 domini
584 2499 645 2548 Iesu
663 2497 704 2548 63.
792 2499 851 2550 332

123 2597 155 2608 -
177 2584 219 2620 ιιι
237 2569 385 2620 dileccionis
402 2569 475 2620 laute
493 2567 606 2634 diligimt
628 2567 669 2618 62.
730 2568 732 2635 !
757 2595 790 2605 -
803 2567 895 2618 fratres
904 2568 1145 2634 oocisostamquam
1154 2569 1273 2620 martires
1285 2585 1339 2620 uon

121 2667 157 2678 ·-
176 2644 301 2705 patronos
318 2643 459 2704 sequentes
477 2643 538 2688 sunt
555 2637 632 2688 beate
647 2636 703 2685 111.
791 2636 898 2701 capiunt
916 2636 974 2686 250.

122 2737 156 2746 -
176 2707 312 2774 arguende
338 2713 443 2773 propter
468 2705 612 2772 culpabiles
633 2704 705 2754 novi·
757 2731 789 2741 —
808 2711 901 2770 quarte
918 2703 1070 2770 blasphema
1087 2703 1224 2754 mendacia
1241 2705 1300 2756 262.

160 2781 229 2826 tates
247 2777 288 2826 93.
757 2779 900 2852 -quarte
918 2771 1010 2838 religio
1028 2777 1055 2822 et
1072 2771 1127 2821 vita
1144 2773 1287 2838 perfeccior
1298 2773 1335 2822 (11-

122 2873 158 2884 -
177 2844 210 2895 de
227 2843 296 2894 furto
308 2849 335 2894 et
346 2843 380 2895 de
391 2843 527 2893 latrocinio
538 2841 652 2908 suspecti
663 2842 705 2891 90.
790 2841 857 2891 citur
873 2855 952 2908 quam
970 2839 1062 2908 religio
1079 2841 1254 2906 apostolorum
1275 2843 1335 2894 252.

121 2941 157 2953 -
176 2913 291 2964 innuunt
307 2912 408 2980 aliquos
426 2912 543 2962 obiectus
560 2911 601 2960 31.
729 2866 732 2955 i
757 2937 790 2948 -
806 2909 986 2975 superaddunt
1002 2923 1085 2959 novas
1101 2909 1206 2976 regulas
1225 2912 1282 2961 182.

121 3010 160 3022 -
178 2996 247 3032 nove
276 2981 390 3032 stabilite
420 2995 453 3030 ex
479 2979 634 3030 anctoritate
661 2975 789 3027 do·—
757 2978 955 3044 —specialiter
972 2978 1112 3028 observant
1129 2993 1203 3028 suani
1216 2979 1334 3046 regulam

161 3051 224 3100 mini
242 3051 284 3101 89.
793 3049 850 3098 181.

123 3147 159 3158 -
176 3119 346 3170 commiscent
360 3118 465 3168 hereses
476 3115 618 3167 ιοιιιιιιιιιιι
629 3115 705 3166 liber·
757 3143 789 3152 —
808 3115 933 3166 deficiunt
950 3130 967 3165 a
983 3115 1043 3182 lege
1061 3115 1104 3165 dei
1123 3116 1180 3168 161.

159 3187 209 3240 tati
226 3189 268 3238 90.
757 3211 789 3221 -—
807 3184 959 3235 infallibiter
975 3183 1183 3250 contempnende
1200 3185 1335 3236 sunt180.

125 3283 159 3294 -
189 3257 299 3308 miscent
330 3253 486 3305 tradiciones
514 3269 574 3304 cum
603 3252 705 3319 legibus
759 3281 787 3290 -
807 3253 842 3302 ab
859 3253 989 3304 erroribus
1005 3252 1160 3318 resipiscunt
1180 3255 1235 3305 130.

160 3324 239 3376 cristi
255 3327 297 3376 90.
758 3349 790 3360 -
808 3321 879 3372 fures
897 3327 924 3372 et
939 3321 1054 3373 latrones
1073 3323 1130 3374 160.

127 3421 157 3432 -
178 3393 298 3444 infideles
317 3393 373 3443 102.
757 3417 789 3428 -
807 3397 869 3442 sunt
885 3391 1016 3442 manifesti
1033 3390 1141 3442 heretici
1160 3393 1217 3442 131.

127 3491 159 3500 -
179 3469 206 3514 ιι
223 3462 315 3512 iratres
333 3475 386 3511 non
404 3465 491 3510 essent
510 3459 567 3512 101.
758 3486 790 3496 -
808 3459 940 3526 superflue
959 3461 1016 3510 192.

126 3559 160 3568 -
188 3531 216 3580 in
244 3530 353 3580 caritate
382 3527 517 3590 deficiunt,
552 3527 622 3595 quod
651 3533 707 3578 tota
757 3558 790 3568 -
808 3528 936 3580 contrarie
953 3533 1024 3578 secte
1042 3527 1118 3579 cristi
1137 3528 1193 3578 119.

162 3615 253 3650 earnm
271 3598 364 3649 caritas
381 3597 498 3648 consistit
513 3597 540 3646 in
552 3595 706 3648 obediencia
758 3597 918 3648 -ecclesie
936 3603 997 3646 suut
1013 3611 1122 3646 onerose
1140 3597 1198 3646 242.

161 3668 216 3719 scil.
233 3667 384 3734 regularum
401 3665 497 3716 ordinis
514 3667 573 3717 306.
758 3693 790 3702 -
808 3665 941 3716 abstinent
958 3679 974 3714 ιι
991 3664 1056 3714 cibis
1074 3666 1114 3716 36.

127 3765 160 3774 -
178 3736 299 3788 nescmnt
309 3734 425 3786 stabilire
433 3735 651 3800 approbacionam
663 3735 705 3784 61.
758 3760 791 3770 -
808 3733 947 3784 abcondito
965 3749 1012 3798 per
1027 3731 1165 3798 ypicrisiur
1186 3733 1242 3783 196.

129 3833 160 3842 -
180 3821 232 3855 non
250 3805 364 3871 diligunt
379 3803 472 3854 fratres
489 3802 566 3854 cristi
583 3805 624 3855 63.
758 3801 988 3868 —superaddunt
1002 3801 1051 3850 sibi
1063 3799 1216 3866 equivalens
1228 3801 1282 3868 legi
1293 3801 1337 3852 dei

130 3879 240 3924 -sunt
257 3872 385 3924 homicide
403 3871 850 3925 63181.

128 3971 160 3979 -
180 3941 272 3993 odiunt
288 3942 380 3992 fratres
398 3943 439 3994 63.
758 3965 791 3976 -
809 3938 914 3989 arbores
932 3937 1091 3988 infructuose
1110 3937 1150 3987 12.

128 4010 544 4140 turbulentiae?
557 4009 616 4128 10
731 4005 1245 4141 1331391311..

128 4175 162 4187 --
180 4147 329 4200 deficiunt
321 4163 349 4198 iii
366 4147 418 4198 lide
436 4161 482 4212 spe
500 4151 528 4196 et
538 4145 648 4196 caritate
666 4146 706 4195 60.
732 4160 734 4191 ι
760 4171 792 4182 -
819 4143 923 4212 lingunt
948 4143 1013 4194 false
1040 4159 1068 4194 se
1095 4157 1151 4193 esse
1177 4142 1274 4193 amicos
1297 4159 1340 4194 re·

129 4231 214 4268 —ex
232 4216 275 4267 dei
291 4215 386 4266 iudicio
403 4215 531 4296 premium
543 4219 649 4280 sperant
666 4215 734 4265 60.
794 4229 856 4279 gum
874 4214 916 4263 42.

131 4313 163 4323 -
181 4291 360 4352 procuratores
376 4284 461 4352 patuli
477 4283 603 4334 anticristi
621 4283 679 4332 112.
733 4229 830 4320 i-gu
811 4281 977 4332 exhorbitant
994 4295 1010 4330 a
1028 4279 1120 4346 regula
1137 4279 1259 4330 cristiana
1277 4281 1319 4332 31.
