3324 5126
350 552 412 612 432
452 550 479 598 J.
499 547 638 604 motis,
656 547 711 596 DE
727 547 881 596 DUOBUS
900 547 1120 596 GENERIBUS
1138 547 1445 598 Hensnrlcosffln

351 721 468 781 fratres.
514 719 630 781 Omnes
660 720 740 780 onim
770 719 824 792 illi,
857 719 908 801 qui
938 728 1043 782 tacent
1073 729 1198 801 propter
1227 720 1347 782 lucrum
1378 720 1473 782 seculi
1502 720 1554 781 vel

351 822 555 884 salvacionem
579 822 712 903 corporis
733 820 941 902 temporalem,
965 831 1036 884 sunt
1057 823 1171 884 domini
1192 824 1371 903 proditores.

435 925 479 986 Et
499 925 581 987 idem
604 935 650 986 est
670 925 816 986 iudicium
838 925 877 986 de
899 925 1027 986 dominis
1047 925 1274 1006 temporalibus,
1298 927 1350 1006 qui
1364 925 1479 987 debent
1493 925 1555 986 sub

351 1048 431 1108 pens
460 1028 643 1108 prodicionis
673 1037 821 1109 perpetuo
852 1029 1000 1090 hereticos
1031 1029 1183 1109 predictos
1207 1029 1362 1089 destruere
1384 1039 1415 1089 et
1435 1029 1555 1089 sortire

350 1132 382 1192 in
423 1131 482 1192 fide
519 1130 640 1191 domino
685 1139 785 1191 nostro
822 1131 892 1192 Iesu
929 1130 1036 1192 Cristo.
1096 1131 1176 1192 Nem
1222 1131 1390 1193 secundum
1425 1131 1592 1192 decretas

351 1240 541 1295 sanctorum⁶
577 1254 638 1294 non
674 1243 758 1295 caret
790 1233 923 1314 scripulo
954 1234 1107 1296 societatis
1137 1233 1266 1308 occulte,
1306 1233 1358 1313 qui
1389 1234 1554 1294 manifesto

352 1336 480 1398 facinori
504 1335 615 1396 desinit
637 1335 770 1397 obviare.
794 1371 836 1381 -—

435 1438 504 1500 Has
539 1446 642 1499 autem
678 1437 799 1499 hereses
834 1445 976 1499 tenentur
1012 1459 1115 1500 omnes
1151 1439 1256 1502 fideles
1293 1439 1348 1500 niti
1379 1438 1553 1510 desti-uem

350 1542 447 1622 primo
478 1540 588 1614 clerici,
621 1541 675 1602 ssd
705 1541 850 1621 precipue
880 1540 990 1622 prelati
1021 1561 1057 1603 nc
1088 1542 1206 1616 fratres,
1238 1562 1308 1604 cum
1339 1539 1428 1602 aliter
1448 1541 1555 1603 forent

350 1643 488 1724 fugiendi
518 1643 642 1705 heretici
674 1664 713 1704 ex
744 1664 905 1718 consensn;
938 1645 1071 1706 secundo
1099 1644 1204 1705 mundi
1227 1644 1380 1724 principes
1402 1664 1471 1704 cum
1495 1665 1553 1704 suo
1566 1657 1593 1699 to

350 1747 475 1809 consilio
506 1756 537 1808 et
563 1745 654 1808 Cristi
685 1746 800 1808 milicia
830 1746 939 1810 saltem
961 1748 1128 1809 fomentum
1160 1748 1249 1809 huius
1271 1746 1404 1808 criminis
1431 1747 1553 1808 subtre-

350 1850 450 1912 hendo
481 1859 511 1912 et
540 1850 709 1931 proditores
740 1849 855 1910 domini
884 1869 945 1911 non
975 1849 1120 1922 fovendo;
1157 1859 1188 1911 et
1218 1849 1325 1923 tercio,
1358 1871 1428 1912 cum
1458 1850 1554 1912 huius

349 1954 519 2015 destruccio
540 1973 601 2013 non
622 1948 835 2033 perficeretur*
858 1953 922 2014 sine
944 1953 1053 2032 grandi
1075 1952 1124 2014 dei
1145 1952 1303 2025 miraculo,
1326 1959 1392 2013 toto
1412 1973 1553 2014 comrnn-

349 2056 428 2117 nitcs
450 2065 570 2118 tenetur
591 2075 708 2134 rogare,
740 2064 774 2116 nt
796 2055 871 2116 deus
892 2055 1018 2117 adiuvet
1039 2056 1070 2116 in
1092 2056 1150 2117 hac
1172 2063 1269 2135 parte.
1316 2054 1377 2116 Sed
1400 2055 1474 2116 hou!
1511 2055 1552 2116 sd

350 2167 469 2220 tantum
499 2158 630 2221 involuit
659 2179 730 2238 pers
760 2158 905 2239 principis
935 2158 1024 2219 huius
1055 2158 1170 2232 mundi,
1202 2159 1283 2239 quod
1306 2158 1358 2220 vix
1380 2159 1590 2238 reperieturts

350 2261 440 2323 hodie
462 2262 579 2335 civitas,
611 2260 687 2322 villa
708 2260 759 2322 vel
781 2261 904 2323 viatoris
927 2261 1079 2334 eolleccio,
1103 2261 1176 2342 quin
1198 2268 1335 2323 tenentes
1357 2261 1421 2322 eius
1442 2260 1475 2322 in
1499 2282 1554 2342 po·

350 2364 451 2425 tencis
480 2373 511 2426 et
539 2364 572 2425 in
602 2363 782 2425 certitudine
813 2361 1023 2445 prevalerent⁵
1055 2373 1161 2426 contra
1192 2361 1334 2426 Cristum.
1380 2363 1442 2425 Sed
1472 2367 1555 2426 sciat

349 2488 421 2548 pers
452 2468 612 2540 anticristi,
645 2467 725 2548 quod
747 2466 878 2528 finaliter
900 2475 1027 2548 oportet,
1060 2477 1095 2529 ut
1115 2468 1172 2529 deo
1205 2467 1358 2530 observist
1387 2467 1552 2548 paciendo,

349 2569 460 2632 Amen.

950 2673 1065 2754 Incipit
1086 2682 1233 2736 tractatus
1256 2674 1295 2736 de
1316 2673 1460 2735 trinitate.

562 2847 572 2870 ‘
592 2859 630 2907 φ.
644 2847 705 2893 Atro
723 2845 808 2910 Epioe.
823 2843 927 2893 Vercell.
944 2843 989 2905 (in
1000 2843 1042 2892 Du
1056 2845 1153 2908 Caspe)
1171 2845 1221 2908 Ep.
1232 2849 1264 2896 10
1280 2846 1349 2908 opud
1368 2845 1438 2893 und.
1457 2845 1552 2894 ΛΡΜ.

522 2933 578 2978 tom.
597 2935 620 2980 8.
638 2930 720 2995 spicil.
734 2947 761 2994 p.
782 2935 845 2982 1³1.-
863 2930 994 2992 Neptem
1015 2931 1086 2988 m,
1107 2931 1150 2994 μ’
1164 2935 1248 2994 potat
1264 2931 1397 2979 deturbare
1410 2947 1551 2994 perversos,

521 3015 585 3064 nuit
602 3015 674 3065 aliud
691 3021 734 3073 eet,
751 3032 825 3080 qm
841 3018 932 3080 fovere.
973 3017 1025 3064 Neo
1042 3021 1112 3066 caret
1128 3015 1242 3080 scr-epulo
1254 3019 1299 3065 etc.
1338 3017 1381 3080 Op.
1399 3016 1453 3064 aleo
1472 3018 1550 3081 Gor-p.

521 3101 569 3150 ier.
586 3117 640 3150 cos.
658 3101 714 3164 (ed.
733 3102 999 3167 Richter-Mero,
1017 3103 1119 3166 Leipzig
1138 3103 1223 3166 1880)
1240 3103 1317 3151 Deor.
1334 3102 1372 3150 ΙΙ
1386 3102 1416 3150 P.
1434 3102 1478 3152 ΙΙ.
1501 3105 1551 3166 Q·-

521 3203 541 3235 ο.
554 3191 600 3238 56:
618 3187 747 3252 optigere,
760 3203 890 3252 perversor
907 3205 960 3236 cum
974 3190 1057 3252 poecis
1070 3189 1227 3254 perturbare,
1243 3187 1321 3238 nich&
1338 3192 1374 3236 est
1390 3187 1462 3236 aliud
1473 3205 1551 3252 quan

519 3273 609 3335 fovere.
646 3273 698 3322 Nec
715 3278 785 3322 caret
800 3273 917 3340 mvpm
935 3279 979 3324 etc.
998 3275 1043 3324 wie
1060 3274 1126 3324 oben.

477 3378 497 3383 ..-
511 3377 679 3385 --.—.-.—

417 3423 429 3454 ⁴
446 3425 585 3492 pficeretnr
597 3427 660 3484 cod„
676 3429 716 3476 the
732 3428 816 3478 stroke
833 3429 937 3492 throupt
953 3431 994 3480 ree
1010 3428 1084 3480 lower
1096 3434 1160 3494 part
1170 3431 1203 3494 of
1216 3431 1256 3478 tte
1267 3445 1284 3495 p
1296 3430 1318 3478 ic
1328 3429 1430 3479 omitted
1466 3424 1550 3494 ⁶pre·

352 3511 456 3562 valeret
467 3513 521 3562 cod.
