3260 5136
366 523 427 580 536
568 516 650 564 uon.
676 515 814 570 o'renrn,
833 513 1292 564 nnnnsreronnsnrtnnr
1312 515 1354 562 rr.
1434 511 1492 579 [ep.
1509 515 1542 562 rr

452 689 544 764 Quid,
568 709 649 766 rogo,
678 688 761 748 valet
783 688 823 749 ed
845 687 1059 748 refrenandum
1083 706 1205 746 earnem
1228 685 1277 746 vel
1300 687 1544 766 cavendumque

365 813 483 872 cunque
516 801 643 872 peecata
674 792 833 871 requirere,
866 791 947 870 quod
979 799 1081 850 tentus
1108 797 1196 867 potus
1218 797 1249 849 et
1270 789 1359 869 panis
1379 791 1547 851 ministretur

365 895 514 954 monacho
545 895 662 972 indiges
672 896 707 971 (l)
735 894 791 954 sub
814 893 917 954 debite
939 893 1096 974 qualitate,
1128 902 1182 953 eut
1204 893 1276 973 quid
1299 893 1383 953 valet
1405 913 1545 952 numerum

366 1019 490 1059 ovorum
522 1019 704 1070 mensurare,
737 1017 896 1058 nnmerum
927 998 967 1058 ad
997 997 1097 1057 locum
1130 1006 1160 1057 et
1186 997 1370 1057 ferculorum
1393 993 1547 1078 earnium¹⁵

365 1124 432 1162 euro
466 1102 533 1162 eliis
564 1101 780 1160 monachorum
812 1100 920 1161 eduliis
951 1101 991 1160 ad
1014 1121 1185 1160 mensuram
1208 1109 1240 1160 et
1260 1120 1419 1160 numerum
1442 1099 1578 1158 limitetis

366 1215 397 1266 et
418 1205 488 1284 plue
511 1225 565 1284 pro
588 1203 656 1276 illie,
680 1224 771 1282 quam
794 1213 918 1283 propter
940 1203 1168 1264 observandam
1191 1202 1349 1282 euangelii
1372 1202 1503 1281 litigare?

450 1308 570 1368 Revera
591 1306 762 1367 huiusmodi
785 1327 865 1368 vana
888 1316 933 1366 est
954 1306 1073 1382 religio!

452 1410 494 1470 Et
524 1410 603 1489 quod
636 1409 774 1470 subditus
804 1410 896 1488 signis
926 1411 990 1470 istie
1022 1410 1166 1488 religiosis
1204 1409 1369 1490 aliquando
1407 1409 1549 1488 profecerit

365 1517 396 1574 in
419 1514 523 1573 ordine
546 1512 697 1584 cristiano,
729 1513 786 1572 hoe
818 1522 864 1572 est
885 1512 976 1573 valde
998 1535 1053 1593 per
1074 1515 1216 1574 accidens
1238 1523 1329 1594 etque
1351 1533 1429 1572 raro.
1472 1511 1547 1588 Quod

366 1629 467 1677 nutem
499 1625 626 1693 surgunt
649 1615 748 1676 modia
771 1628 858 1676 noete
881 1627 911 1676 et
933 1617 1039 1676 dieunt
1060 1617 1092 1676 in
1114 1618 1163 1678 die
1186 1626 1231 1676 tot
1253 1617 1360 1676 missas
1382 1625 1413 1677 et
1434 1616 1547 1696 psalmos
1556 1627 1577 1668 u

366 1721 421 1781 sub
444 1740 525 1799 pena
547 1728 610 1778 tam
633 1720 729 1796 gravi,
758 1728 803 1778 eet
829 1720 1053 1780 indiscrecionis
1075 1720 1219 1780 indicium
1242 1729 1274 1780 et
1295 1739 1314 1780 a
1336 1719 1474 1780 libertate
1492 1739 1547 1798 pro
1610 1767 1611 1788 q

365 1823 462 1883 fectus
484 1821 610 1882 ecclesie
632 1822 828 1882 tardetivum.

452 1924 494 1984 Et
515 1932 602 2004 patet
623 1925 740 1985 falsitas
762 1925 980 2004 essumpeionie
1002 1925 1115 1985 domini
1137 1926 1168 1985 in
1192 1926 1253 1986 suis
1268 1927 1412 2004 arguetis,
1441 1935 1545 2004 etque
1610 1945 1611 1950 ¹

367 2027 456 2088 modo
488 2024 665 2088 vendicat¹⁶
697 2029 855 2089 mendoeia
885 2028 917 2087 in
948 2029 1009 2089 suis
1040 2029 1296 2108 desoripeionibns
1327 2039 1359 2090 et
1384 2026 1544 2092 redonibus.

366 2151 459 2211 quare
481 2131 601 2191 ordines
623 2141 693 2192 sunt
714 2133 825 2211 privati
848 2129 934 2192 ete¹⁷
1552 2139 1571 2182 1⁵

782 2235 920 2315 Explicit
942 2238 1058 2318 questio
1081 2237 1120 2298 de
1142 2237 1294 2316 ligerenoe
1316 2232 1474 2318 priuats.¹⁸

581 2444 590 2467 ⁶
608 2458 645 2504 ιφ.
664 2440 737 2489 abooe
752 2459 778 2504 p.
797 2447 845 2492 597
865 2441 882 2490 l.
897 2447 927 2492 19

437 2625 458 2654 ¹¹⁵
475 2628 592 2677 earnium
603 2631 648 2678 01)
674 2629 906 2691 eumifieum(!)o
970 2627 991 2656 ¹⁶
1010 2629 1178 2681 vondiontCo
1216 2630 1392 2680 vendicentD
1447 2626 1465 2656 ¹⁷
1481 2629 1544 2678 etet

401 2731 446 2762 om.
461 2715 508 2764 nl)
579 2713 599 2741 ¹⁸
617 2718 632 2763 i.
645 2734 665 2764 e.
684 2716 760 2782 Expl.
779 2732 821 2782 qn.
841 2716 874 2765 de
892 2716 1019 2780 religione
1036 2716 1149 2782 priveta3
1168 2717 1243 2766 below
1261 2718 1308 2766 Hei-r
1326 2718 1351 2765 io
1365 2719 1385 2765 0
1401 2720 1421 2765 ie
1438 2717 1490 2764 odd.
1506 2715 1542 2762 lir-

366 2800 438 2864 plicit
464 2799 512 2848 hoe
534 2801 685 2865 opuseulum
711 2802 811 2850 linitum
834 2801 860 2850 in
883 2802 999 2851 adventu
1026 2802 1122 2852 domini
1149 2803 1285 2852 millesimo
1311 2801 1544 2869 quadringentesimo

367 2886 468 2935 docimo
486 2888 533 2951 (oy
546 2887 794 2950 lieroow’edoodffl
827 2888 867 2936 De
882 2888 960 2936 beate
972 2887 1056 2937 Maria
1067 2889 1262 2956 MogdnlenaD
1296 2890 1398 2938 meson
1409 2888 1542 2953 Erpls'citm

367 2974 422 3019 trun
439 2973 537 3035 follows
555 2991 571 3021 o
588 2976 658 3023 short
669 2975 811 3039 trealioely
829 2993 845 3023 a
857 2973 961 3038 dissipis
978 2975 1011 3038 of
1026 2975 1126 3038 Wiodf:
1144 2993 1190 3025 sex
1207 2976 1325 3026 raciones
1342 2974 1470 3026 cuiusdam
1486 2971 1543 3020 diui·

366 3057 421 3122 pnli
439 3058 555 3123 magistri
572 3059 701 3109 dolrannis
719 3060 851 3126 Wygleph
869 3060 901 3110 de
924 3060 973 3110 liae
990 3060 1139 3126 questione,
1158 3067 1244 3110 utrum
1262 3062 1323 3112 licet
1339 3061 1447 3111 seculari
1463 3059 1543 3109 clerum

367 3142 562 3208 delinquentem
589 3146 717 3212 castigare
744 3153 771 3196 et
797 3145 890 3196 dieitur
912 3146 981 3212 qnod
998 3146 1044 3198 sie.
1082 3147 1148 3196 lisso
1172 3147 1282 3212 Wiolife
1305 3149 1350 3196 De
1367 3146 1543 3196 Dissensiosc
