3304 5134
766 1455 1013 1520 JOHANNIS
1039 1456 1202 1520 WIULIF

387 1665 463 1734 DE
487 1664 947 1738 CONPBABIETATE
967 1667 1208 1740 DUOBUM
1232 1667 1571 1740 DOMINORUM.

918 2077 1005 2137 CAI'.
1029 2079 1053 2138 1.

214 2247 223 2298 l
239 2245 377 2338 imm*
467 2256 479 2318 ΙΙ
496 2248 582 2310 Sicut
604 2258 650 2307 est
672 2265 749 2307 unus
772 2268 861 2307 verus
884 2258 914 2307 et
941 2268 1076 2309 summus
1104 2248 1245 2308 (lominus
1271 2249 1302 2308 in
1325 2249 1400 2309 celis
1421 2249 1569 2329 residens.

386 2351 436 2430 qui
460 2360 506 2411 est
527 2352 647 2411 trinitas
673 2352 821 2424 increata,
855 2351 898 2411 sic
927 2361 972 2410 est
994 2371 1072 2411 unus
1092 2347 1096 2430 l
1116 2350 1212 2411 falsus
1235 2361 1266 2410 et
1288 2351 1409 2412 iniimus
1432 2353 1568 2417 dominus,

386 2453 435 2532 qui
460 2463 506 2514 est
527 2453 636 2514 sathan
659 2454 794 2514 residens
814 2452 818 2532 l
837 2455 869 2515 in
896 2454 1015 2533 abysso.
1060 2454 1141 2514 Nam
1163 2453 1238 2514 fides
1261 2455 1411 2532 scripture
1431 2455 1495 2514 Ioh.
1520 2460 1569 2513 14⁶

387 2565 478 2616 vocat
505 2577 573 2616 eum
605 2557 773 2634 principem
802 2557 891 2617 huius
913 2556 1034 2629 mundi,
1059 2551 1264 2616 0t10b41¹¹2
1288 2577 1343 2616 rex
1366 2577 1457 2636 super
1477 2577 1570 2617 ornnes

387 2658 464 2718 filios
487 2658 636 2737 superbie.
688 2659 730 2719 Et
751 2660 829 2719 sicut
851 2660 993 2738 princeps
1021 2659 1069 2720 vel
1096 2679 1152 2718 rex
1174 2659 1246 2720 licet
1273 2659 1352 2720 false
1379 2670 1601 2739 nuncupatum

315 2785 320 2800 ·
389 2762 431 2821 sic
454 2770 554 2840 potest
576 2762 616 2822 ad
638 2783 758 2822 sensum
782 2763 910 2822 similem
935 2763 1075 2822 dominus
1097 2762 1278 2840 nuncupari.

474 2863 603 2924 Habent
624 2873 726 2924 autem
754 2864 796 2924 hii
820 2865 879 2924 duo
903 2865 1018 2924 domini
1045 2864 1145 2942 legem
1172 2864 1341 2943 duplicem,
1375 2865 1509 2926 membra
1528 2865 1571 2923 du·

389 2967 480 3046 plicia
502 2987 555 3025 seu
578 2975 725 3026 tenentes.
771 2969 837 3028 Lex
861 2978 963 3028 eutem
985 2967 1035 3027 dei
1058 2977 1089 3027 et
1103 2966 1242 3028 membra
1260 2988 1313 3028 seu
1338 2977 1475 3029 tenentes
1493 2965 1571 3026 Casti

389 3078 459 3128 sunt
481 3069 531 3128 lex
554 3071 703 3147 scripture
730 3080 761 3130 et
782 3070 980 3148 predestinati
1004 3071 1043 3132 ad
1066 3069 1208 3147 gloriarm
1241 3071 1295 3130 sed
1326 3071 1378 3130 lex
1407 3069 1526 3151 dyaboli
1548 3083 1570 3126 er

389 3170 526 3230 membra
549 3192 604 3231 sua
626 3181 697 3232 suut
718 3173 769 3233 lex
791 3173 939 3251 scripture
956 3173 1108 3233 contraria
1131 3181 1162 3232 et
1181 3173 1302 3251 presciti
1320 3173 1361 3233 ad
1376 3193 1504 3253 poenam
1519 3189 1599 3250 per-o·

389 3281 522 3350 petuam.

401 3384 409 3398 ’
475 3374 517 3434 Et
538 3375 617 3436 sicut
638 3377 680 3436 hii
703 3377 816 3438 domini
832 3387 903 3439 sunt
917 3379 1104 3439 condicionis
1127 3379 1288 3450 contrarie,
1312 3380 1356 3440 sic
1379 3380 1462 3458 leges
1483 3396 1570 3438 eorum

390 3486 421 3538 et
442 3499 497 3538 sua
520 3499 647 3557 corpora
670 3480 733 3540 sive
755 3480 901 3542 membra.
948 3481 1009 3541 Sed
1041 3502 1111 3542 curn
1141 3486 1241 3561 ‘super
1268 3483 1373 3542 omnia
1395 3482 1490 3542 vincit
1510 3477 1571 3538 veri·

389 3580 459 3652 tas’‚
492 3602 615 3641 necesse
642 3593 687 3642 est
708 3584 839 3661 primurn
862 3605 967 3644 verum
991 3584 1146 3644 dominum
1171 3585 1340 3645 secundum
1363 3585 1530 3664 putativum
1549 3589 1571 3639 et

390 3683 500 3742 falsum
524 3704 592 3743 curn
615 3686 676 3744 suis
699 3686 887 3765 appendiciis
909 3707 1061 3766 superare.
1107 3687 1150 3748 Et
1172 3689 1215 3748 sic
1242 3707 1368 3748 necesse
1400 3695 1459 3762 est,
1489 3685 1597 3744 solorra

390 3805 484 3844 unum
511 3807 575 3846 esse
598 3787 763 3859 dominum,
788 3789 838 3868 qui
862 3788 900 3848 de
923 3790 1045 3851 domino
1068 3791 1216 3869 superiori
1238 3811 1300 3850 non
1323 3799 1441 3862 teneat,
1469 3797 1498 3849 et
1517 3807 1571 3866 pru

390 3888 605 3965 porcionaliter
627 3889 789 3950 dicendum
813 3901 859 3952 est
881 3893 919 3952 de
942 3914 997 3952 sua
1018 3893 1137 3953 familia
1159 3903 1251 3972 atque
1273 3893 1351 3971 lege.

476 3989 583 4049 Habet
604 4000 706 4051 autem
728 3993 779 4052 lex
802 3995 950 4072 scripture
982 4005 1013 4056 et
1042 4017 1097 4074 per
1119 4016 1309 4076 consequens
1336 3994 1472 4056 membra
1492 3989 1568 4051 Cristi

391 4110 504 4168 paucos
535 4093 669 4153 fautores
699 4095 790 4156 hodie
820 4097 869 4157 vel
905 4105 1051 4158 tenentes.
1106 4099 1174 4159 Lex
1205 4109 1308 4159 autern
1342 4098 1461 4178 dyaboli
1491 4093 1568 4154 haba

606 4297 723 4349 CARI.
759 4303 855 4352 ‘'u-ld
924 4295 1018 4352 *aaa
